2367 3784
1011 158 1161 206 mn.
1209 156 1290 205 11.
1336 143 1375 203 3
2011 144 2132 205 169

259 318 379 391 Qui
412 336 694 375 nummos
725 335 1057 394 aurumque
1086 317 1378 387 recondit,
1411 318 1652 374 nescius
1682 319 1773 376 uti

261 398 657 474 Compositis,
692 410 1087 473 metuensque
1123 399 1288 454 velut
1319 400 1668 471 contingere
1701 397 1985 455 sacrum?
2028 406 2140 460 110

262 477 326 535 Si
359 480 494 553 quis
526 480 601 535 ad
632 479 944 552 ingentem
978 478 1266 534 frumenti
1301 495 1537 553 semper
1570 496 1852 534 acervum

263 558 588 616 Porrectus
621 559 839 633 vigilet
870 576 1005 615 cum
1040 558 1225 632 longo
1257 558 1434 627 fuste,
1469 576 1658 632 neque
1691 559 1854 615 illinc

265 640 511 696 Audeat
540 640 812 696 esuriens
844 639 1127 694 dominus
1158 639 1511 713 contingere
1542 656 1818 712 granum,

268 720 361 776 Ac
391 720 595 795 potius
626 719 789 776 foliis
818 736 1039 794 parcus
1074 724 1358 775 vescatur
1389 719 1612 774 amaris
1638 738 1652 791 ;

270 798 331 855 Si
360 800 575 874 positis
604 800 770 856 intus
804 798 946 856 Chii
981 799 1323 873 veterisque
1358 799 1601 855 Falerni
2027 804 2137 861 115

273 879 441 935 Mille
471 880 635 936 cadis
654 915 734 925 —
753 878 906 935 nihil
937 885 1051 949 est,
1086 885 1425 936 tercentum
1457 878 1706 935 milibus
1725 909 1805 919 —
1823 896 1959 937 aere

279 959 453 1017 Petet
480 966 749 1031 acetum3
794 977 927 1033 age,
960 959 1011 1015 si
1044 966 1105 1016 et
1135 960 1489 1016 stramentis
1519 959 1778 1029 incubet,
1812 959 1993 1017 uude·

280 1039 599 1113 Octoginta
629 1057 821 1096 annos
856 1046 1053 1109 natus
1091 1039 1186 1096 cui
1219 1039 1497 1113 stragula
1526 1039 1731 1106 vcstiS,

283 1119 610 1177 Blattarum
644 1138 712 1177 ac
741 1121 1041 1177 tinearum
1078 1119 1310 1194 epulae,
1342 1126 1652 1194 putrescat
1682 1119 1742 1174 in
1775 1136 1941 1177 arca:

286 1199 565 1256 Nimirum
596 1200 849 1256 insanus
881 1201 1087 1275 paucis
1123 1200 1421 1268 videatur,
1453 1216 1524 1255 eo
1553 1199 1713 1275 quod
2030 1203 2137 1258 120

21 1318 24 1357 ,
292 1279 540 1337 Maxima
566 1298 709 1355 pars
741 1280 1058 1336 hominum
1093 1280 1304 1335 morbo
1338 1281 1606 1353 jactatur
1634 1279 1860 1337 eodem.

293 1359 464 1416 Filius
494 1374 595 1416 aut
623 1360 810 1417 etiam
843 1359 990 1417 haec
1023 1360 1282 1416 libertus
1313 1368 1381 1415 ut
1409 1359 1613 1416 ebibat
1644 1359 1833 1430 bereS,

293 1440 391 1497 Dis
419 1441 649 1498 inimice
682 1458 883 1507 senex,
917 1438 1237 1497 custodis?
1323 1438 1416 1496 Ne
1446 1439 1555 1496 tibi
1587 1436 1790 1496 desit?

298 1521 641 1592 Quantulum
671 1521 832 1577 enim
864 1538 1139 1577 summae
1172 1520 1437 1577 curtabit
1466 1520 1719 1594 quisque
1751 1519 2004 1591 dierum,

297 1599 554 1674 Unguere
584 1601 636 1657 si
667 1600 873 1657 caules
905 1600 1034 1657 oleo
1066 1600 1317 1657 meliore
1347 1609 1646 1675 caputque
2026 1603 2135 1660 125

299 1679 554 1756 Coeperis
582 1682 822 1754 impexa
854 1680 1098 1737 foedum
1127 1678 1484 1756 porrigine?
1572 1682 1788 1753 Quare,

300 1758 353 1816 Si
378 1761 607 1836 quidvis
638 1762 791 1818 satis
821 1767 933 1830 est,
967 1761 1255 1836 perjuraS,
1292 1760 1562 1834 surripis,
1597 1761 1798 1816 aufers

298 1838 598 1916 Undique?
682 1841 841 1898 Tun'
872 1838 1103 1898 sanus?
1196 1839 1499 1915 Populum
1530 1840 1579 1896 si
1611 1840 1859 1898 caedere
1890 1839 2057 1897 saxis

299 1919 536 1994 Incipias
565 1938 851 1978 servosve
881 1927 1023 1978 tuos
1055 1938 1208 1995 quos
1242 1939 1377 1977 aere
1407 1920 1655 1995 pararis,

299 1998 560 2057 Insanum
587 2007 647 2058 te
678 2018 889 2058 omnes
921 2002 1090 2075 pueri
1124 2001 1508 2075 clamentque
1538 2000 1808 2075 puellae:
2022 2003 2134 2061 130

302 2079 434 2136 Cum
461 2082 667 2156 laqueo
698 2098 948 2138 uxorem
981 2081 1283 2137 interimis
1317 2090 1687 2156 matremque
1720 2097 1969 2150 venen0,

302 2158 563 2217 Incolumi
593 2161 790 2236 capite
821 2158 932 2218 es?
981 2166 992 2189 ‘
1019 2161 1181 2234 Quid
1213 2161 1370 2217 enim
1395 2158 1452 2218 ?’
1497 2159 1711 2236 Neque
1742 2168 1811 2216 tu
1841 2159 1954 2216 hoc
1984 2158 2132 2217 facis

21 2286 24 2295 ,
510 2243 711 2315 Argis,

302 2317 410 2376 Nec
436 2321 577 2377 ferro
609 2328 676 2378 ut
706 2322 954 2378 demens
985 2321 1354 2396 genetricem
1385 2320 1607 2378 occidis
1639 2319 1904 2378 Orestes.

302 2399 388 2455 An
415 2407 474 2456 tu
504 2402 645 2458 reris
675 2420 813 2458 eum
846 2402 1044 2459 occisa
1074 2401 1378 2458 insanisse
1409 2407 1672 2476 parente,

304 2479 381 2536 Ac
405 2498 513 2537 non
544 2489 681 2539 ante
714 2481 893 2538 malis
924 2481 1267 2538 dementem
1300 2488 1499 2538 actum
1534 2481 1735 2538 Furiis
1765 2497 1946 2557 quam
2031 2484 2142 2541 135

300 2557 363 2615 In
389 2563 586 2617 matris
619 2562 836 2636 Jugulo
867 2561 1089 2618 ferrum
1121 2562 1406 2636 tepefecit
1436 2558 1724 2619 acutum?

300 2638 457 2710 Quin,
486 2658 557 2699 ex
586 2660 706 2717 quo
736 2649 831 2699 est
863 2642 1108 2698 habitus
1140 2641 1297 2698 male
1330 2648 1495 2699 tutae
1526 2641 1749 2698 mentis
1780 2639 2047 2710 Orestes,

21 2742 24 2783 ι
296 2717 386 2775 Nil
414 2737 548 2778 sane
578 2722 722 2779 fecit
753 2723 915 2797 quod
948 2729 1014 2779 tu
1046 2722 1482 2797 reprehendere
1512 2721 1745 2797 possis:

21 2798 24 2825 l
293 2796 419 2856 Non
448 2800 717 2876 Pyladen
747 2802 903 2859 ferro
939 2803 1161 2860 violare
1195 2819 1459 2859 aususve
1490 2819 1756 2858 sororem

291 2877 594 2952 Electram,
628 2889 871 2939 tantum
903 2883 1215 2940 maledicit
1246 2883 1504 2957 utrique,
1540 2881 1813 2938 vocando
2034 2885 2145 2940 140

292 2957 456 3018 Hanc
486 2962 750 3029 Furiam,
787 2963 947 3020 hunc
979 2963 1162 3031 aliud,
1189 2963 1376 3035 jussit
1405 2962 1568 3037 quod
1597 2961 1917 3036 splendida
1945 2959 2100 3018 bilis.

293 3037 515 3116 Pauper
545 3042 826 3117 Opimius
858 3044 1090 3117 argenti
1124 3043 1308 3117 positi
1341 3044 1507 3099 intus
1535 3049 1596 3098 et
1627 3042 1773 3113 auri,

293 3118 401 3191 Qui
430 3121 834 3181 Veientanum
868 3123 1040 3180 festis
1069 3130 1278 3198 potare
1311 3123 1524 3180 diebus

294 3197 591 3275 Campana
620 3203 839 3260 solitus
868 3202 1052 3259 trulla
1081 3220 1462 3278 vappamque
1491 3202 1795 3278 profestis»,

349 3339 426 3382 116
447 3346 708 3386 trecentum
774 3342 857 3387 117
883 3342 1075 3389 incubet
1088 3343 1197 3387 udis
1222 3358 1244 3385 e
1265 3344 1384 3386 coni.
1449 3342 1535 3387 128
1549 3346 1652 3385 tum
1716 3340 1801 3384 129
1820 3349 2075 3394 servosque

665 3402 750 3449 133
775 3401 1054 3469 genitricem
1179 3402 1265 3451 133
1288 3400 1463 3447 oceidit
1587 3401 1674 3447 134
1695 3402 1746 3446 at
