2367 3784
394 472 444 813 l

918 175 1065 223 121ss.
1115 175 1196 222 11.
1249 159 1345 235 17,
1384 159 1461 220 18

574 335 703 393 Nec
744 351 921 392 carus
967 352 1174 409 aeque,
1224 350 1333 391 nec
1377 339 1691 408 superstes

553 479 556 481 Α
653 413 945 489 Integer?
1032 414 1144 472 Ille
1191 414 1321 471 dies
1367 419 1680 489 utramque

497 496 698 555 Ducet
737 496 991 554 ruinam.
1082 494 1222 554 Non
1265 512 1380 569 ego
1423 494 1721 569 perfidum

493 575 637 634 Dixi
679 581 1164 633 saciamentum:
1216 576 1455 644 ibimus,
1502 575 1745 647 ibimus,

574 656 917 731 Utcumque
957 656 1305 731 praecedes,
1352 673 1702 730 supremum

656 736 914 813 Carpere
959 737 1074 793 iter
1119 737 1369 794 comites
1411 737 1622 813 parati.

494 815 597 875 Me
640 835 749 874 nec
796 817 1153 876 Chimaerae
1204 818 1455 892 spiritus
1498 818 1730 892 igneae,

495 896 639 962 Nec,
685 899 736 955 si
777 904 1075 973 resurgat,
1121 899 1505 956 centimanus
1550 897 1723 973 Gyas

575 978 844 1036 Divellet
885 997 1212 1054 umquam:
1258 979 1345 1037 sic
1388 979 1622 1054 potenti

654 1058 950 1116 «Iustitiae
993 1060 1409 1135 placitumque
1455 1058 1681 1116 Parcis.

501 1137 622 1197 Seu
666 1138 853 1196 Libra
896 1158 1003 1197 seu
1048 1159 1141 1198 me
1191 1141 1477 1214 Scorpios
1521 1137 1740 1216 aspIcit

501 1217 974 1290 FormidolosuS,
1023 1239 1166 1296 pars
1213 1220 1538 1278 violentior

578 1299 822 1357 Natalis
866 1301 1067 1371 horae,
1116 1319 1224 1358 seu
1267 1308 1566 1375 tyrannus

658 1380 994 1456 Hesperiae
1043 1381 1449 1457 Capricornus
1492 1380 1710 1451 undae,

497 1459 839 1536 Utrumque
883 1469 1162 1545 nosQ
1209 1461 1547 1519 incredibili
1590 1459 1777 1518 modo

502 1539 825 1599 Consentit
868 1550 1116 1600 astrum.
1208 1542 1294 1599 Te
1337 1541 1517 1599 «Iovis
1560 1541 1751 1625 impio

581 1621 801 1679 Tutela
845 1621 1112 1680 Saturno
1158 1623 1467 1697 refulgens

658 1701 903 1780 Eripuit
948 1704 1331 1778 volucrisque
1376 1702 1516 1761 Fati

501 1779 801 1840 Tardavit
831 1784 1146 1851 alaS,cu1n
1175 1784 1438 1860 populus
1466 1784 1749 1858 frequens

502 1859 761 1920 Laetum
790 1864 1046 1923 theatris
1076 1872 1169 1922 ter
1198 1864 1429 1940 crepuit
1456 1880 1708 1922 sonum:

585 1942 689 2000 Me
731 1950 982 2002 truncus
1024 1946 1281 2020 illapsus
1323 1945 1566 2003 cerebro

665 2023 1026 2096 Sustulerat,
1073 2027 1190 2083 nisi
1237 2026 1488 2083 Faunus
1530 2024 1717 2082 ictum

502 2102 734 2161 Dextra
773 2104 1056 2175 levasset,
1103 2105 1556 2163 Mercurialium

506 2181 731 2242 Custos
762 2184 1046 2243 virorum.
1133 2186 1414 2244 Reddere
1446 2184 1728 2241 victimas
1755 2246 1758 2249 ,

587 2264 933 2340 Aedemque
978 2266 1249 2323 votivam
1296 2271 1629 2325 memento:

661 2342 794 2401 Nos
835 2345 1127 2404 humilem
1170 2346 1455 2403 feriemus
1499 2360 1737 2420 agnam.

1073 2541 1325 2601 XVIII.
1705 2546 1808 2577 ---·
1833 2474 1862 2543 ’ς’
1877 2452 1930 2529 ‘²²

504 2660 644 2722 Non
685 2666 835 2722 ebur
878 2684 1071 2741 neque
1117 2683 1367 2726 aureum

588 2744 732 2803 Mea
772 2747 1010 2804 renidet
1051 2746 1114 2803 in
1157 2746 1338 2804 domo
1379 2746 1647 2815 lacunar,

504 2824 643 2882 Non
687 2827 889 2883 trabes
934 2826 1290 2901 Hymettiae

590 2905 882 2963 Premunt
923 2907 1235 2964 columnas
1278 2890 1505 2963 ultima
1530 2905 1755 2964 recisas

505 2981 751 3059 Africa3
794 3005 988 3061 neque
1034 2987 1233 3044 Attali

587 3066 845 3141 Ignotus
890 3067 1062 3125 heres
1105 3068 1335 3141 regiam
1378 3065 1686 3142 occupavi,

507 3143 635 3204 Nec
680 3147 1015 3205 Laconicas
1057 3148 1207 3205 mihi

587 3227 865 3285 Trahunt
908 3228 1200 3285 honestae
1242 3244 1545 3302 purpuras
1587 3225 1881 3283 clientaez

511 3368 538 3412 8
559 3369 645 3412 il'a
768 3371 825 3413 14
848 3369 987 3426 gigas
1010 3373 1049 3412 Ω
1074 3367 1237 3423 Gyges
1259 3381 1282 3408 e
1304 3367 1568 3409 coniectura
1692 3363 1745 3407 17
1771 3363 1996 3421 Scorpius

513 3429 567 3472 19
589 3429 795 3479 luctans,
818 3429 984 3472 fatalis
1107 3428 1163 3469 25
1186 3427 1264 3469 cui
1288 3441 1311 3467 e
1334 3427 1596 3468 coniectura
1749 3423 1775 3463 8
1798 3421 1995 3464 clientes

2033 159 2116 220 59

2043 576 2115 634 10

2042 977 2113 1034 15

2038 1375 2113 1432 20

2041 1778 2113 1835 25

2040 2180 2112 2233 30
