2367 3784
211 136 341 197 214
712 149 999 196 HORATI
1050 150 1594 197 EPISTVLARVM

213 307 511 377 Delectat,
547 308 599 364 si
629 313 688 365 te
720 308 925 384 pulvis
957 309 1366 384 strepitusque
1397 319 1680 380 rotarum,

215 386 278 445 Si
309 388 499 445 laedit
528 405 818 463 caupona,
853 388 1250 446 Ferentinum
1280 390 1367 446 ire
1403 390 1664 464 jubeb03

214 467 374 524 Nam
406 485 598 542 neque
630 468 926 525 divitibus
958 470 1324 543 contingunt
1354 471 1581 544 gaudia
1611 471 1776 541 soliS,

214 547 343 605 Nec
374 548 527 605 vixit
556 549 730 617 male,
764 550 868 624 qui
901 555 1085 606 natus
1115 550 1499 625 moriensque
1533 550 1758 609 fefellit.
2000 558 2073 614 10

216 627 280 685 Si
309 629 596 703 prodesse
627 630 752 685 tuis
784 630 1082 705 pauloque
1115 630 1442 703 benignius
1472 632 1673 705 ipsum

216 708 300 765 Te
331 715 592 765 tractare
625 710 810 775 voles»,
845 711 1094 767 accedes
1126 710 1323 767 siccus
1356 711 1431 767 ad
1463 719 1729 768 unctum.

213 789 389 860 Πίος.
441 794 473 817 “
499 788 565 846 Si
597 790 925 862 pranderet
956 791 1089 846 olus
1118 793 1439 865 patienter,
1474 791 1721 865 regibus
1752 792 1842 849 uti

215 867 274 925 N
279 868 423 925 ollet
453 867 874 944 Aristippus''
961 870 1148 927 Arist.
1201 874 1234 899 “
1260 869 1326 928 Si
1357 871 1537 928 sciret
1566 872 1815 946 regibus
1846 873 1954 944 uti,

216 948 553 1007 Fastidiret
583 949 734 1017 oluS,
768 951 873 1025 qui
903 967 998 1007 me
1030 952 1265 1008 notat.”
1351 950 1570 1009 Utrius
1605 952 1819 1009 horum
1999 957 2074 1014 15

215 1028 424 1086 Verba
451 1029 671 1106 probes
701 1035 763 1087 et
795 1031 974 1099 facta,
1011 1031 1174 1101 doce,
1211 1029 1307 1087 vel
1342 1032 1548 1105 junior
1580 1033 1721 1089 audi

216 1108 340 1166 Cur
370 1109 450 1166 sit
480 1110 787 1186 Aristippi
818 1113 1016 1185 potior
1049 1112 1368 1169 sententia.
1460 1112 1736 1187 Namque

214 1189 567 1247 Mordacem
605 1190 906 1266 Cynicum
940 1192 1026 1249 sic
1057 1192 1357 1262 eludebat,
1390 1200 1459 1249 ut
1491 1193 1692 1250 aiunt:

216 1276 248 1299 “
272 1269 522 1327 Scurror
550 1289 666 1345 ego
697 1272 824 1346 ipse
855 1271 1021 1343 mihi,
1054 1273 1278 1347 populo
1308 1278 1377 1328 tu
1405 1293 1418 1343 ;
1462 1273 1689 1330 rectius
1719 1273 1832 1331 hoc
1861 1279 1923 1330 et

218 1349 611 1424 Splendidius
632 1351 823 1409 multo
847 1360 955 1409 est.
1046 1352 1259 1428 Equus
1277 1359 1345 1409 ut
1364 1370 1458 1409 me
1477 1361 1693 1428 portet,
1716 1354 1841 1410 alat
1857 1371 1978 1423 rex,
1998 1358 2078 1413 20

217 1429 491 1487 Officium
525 1431 712 1488 facio:
759 1440 824 1489 tu
855 1434 1057 1507 poscis
1087 1433 1235 1490 vilia
1263 1450 1478 1503 rerum,

214 1510 417 1567 Dante
448 1511 660 1582 minor,
695 1514 975 1587 quamvis
1004 1513 1125 1570 fers
1154 1520 1215 1570 te
1250 1514 1472 1570 nullius
1501 1515 1842 1589 egentem.''

217 1590 434 1647 Omnis
465 1591 854 1667 Aristippum
886 1593 1088 1651 decuit
1115 1594 1280 1650 color
1306 1599 1369 1651 et
1399 1600 1597 1650 status
1626 1602 1688 1651 et
1715 1611 1830 1662 res¹

215 1671 643 1746 Temptantem
676 1675 921 1746 majora,
957 1674 1078 1730 fere
1108 1674 1530 1749 praesentibus
1560 1691 1836 1749 aequum.

216 1750 460 1819 Contra,
494 1770 671 1827 quem
702 1753 927 1828 duplici
960 1772 1161 1828 panno
1191 1754 1492 1829 patientia
1523 1753 1702 1824 velat,
2002 1756 2080 1812 25

213 1830 498 1903 Mirabor,
532 1834 693 1890 vitae
729 1834 828 1891 via
858 1835 910 1891 si
941 1852 1235 1891 conversa
1264 1835 1514 1891 decebit.

213 1911 391 1968 Alter
418 1930 791 1989 purpureum
819 1933 942 1973 non
972 1915 1348 1990 exspectabit
1377 1914 1683 1985 amictum,

215 1992 528 2065 Quidlibet
555 1994 809 2052 indutus
839 1996 1231 2053 celeberrima
1257 2013 1363 2071 per
1393 1995 1525 2053 loca
1541 1995 1756 2060 ,vadet

213 2072 667 2150 Personamque
699 2075 850 2133 feret
881 2094 1002 2132 non
1033 2076 1430 2133 inconcinnus
1459 2085 1816 2150 utramque3

213 2152 390 2209 Alter
420 2153 617 2211 Mileti
648 2161 883 2213 textam
913 2174 1061 2213 cane
1092 2158 1261 2230 pejus
1290 2162 1353 2213 et
1382 2156 1567 2231 angui
2003 2156 2083 2211 30

215 2231 456 2290 Vitabit
480 2234 883 2310 chlamydem,
917 2237 1210 2293 morietur
1241 2237 1480 2311 frigore,
1514 2236 1565 2293 si
1597 2254 1717 2294 non

212 2313 549 2371 Rettuleris
580 2333 865 2389 pannum.
958 2316 1143 2373 Refer
1171 2322 1234 2374 et
1264 2317 1391 2373 sine
1425 2317 1592 2374 vivat
1618 2315 1897 2391 ineptusl
2008 2343 2014 2348 ·

213 2392 341 2451 Res
370 2412 577 2469 gerere
607 2403 669 2454 et
697 2403 911 2472 captos
944 2398 1261 2454 ostendere
1290 2397 1529 2454 civibus
1560 2396 1769 2454 hostes

213 2475 488 2548 Attingit
517 2477 735 2533 solium
768 2477 810 2535 J
816 2479 950 2534 ovis
978 2482 1041 2534 et
1070 2478 1358 2534 caelestia
1385 2482 1679 2551 temptat:

215 2553 599 2629 Principibus
626 2557 931 2632 placuisse
967 2558 1111 2614 viris
1140 2575 1263 2614 11011
1295 2557 1512 2614 ultima
1542 2557 1675 2614 laus
1703 2563 1813 2615 est.
2007 2560 2086 2617 35

213 2633 274 2690 N
277 2652 354 2691 on
384 2636 574 2692 cuivis
605 2636 837 2694 homini
870 2638 1172 2712 contingit
1204 2638 1367 2694 adire
1401 2637 1780 2696 Corinthum.

215 2712 402 2786 Sedit,
435 2718 537 2790 qui
564 2718 771 2774 timuit
805 2736 877 2774 ne
909 2736 1029 2775 11011
1061 2718 1422 2775 succederet.
1513 2715 1698 2774 Esto!

215 2794 374 2867 Quid
404 2798 506 2870 qui
537 2799 828 2870 pervenit,
864 2798 1081 2856 fecitne
1117 2795 1416 2855 viriliter?
1504 2797 1700 2872 Atqui

214 2873 334 2931 Hic
353 2884 447 2931 est
467 2881 574 2932 aut
593 2895 913 2953 nusquam,
936 2879 1097 2954 quod
1116 2879 1480 2954 quaerimus
1543 2876 1663 2934 Hic
1682 2894 1836 2934 onus
1855 2876 2082 2949 horret,

213 2952 303 3011 Ut
329 2956 534 3028 parvis
567 2958 789 3014 animis
820 2965 883 3015 et
911 2975 1100 3033 parvo
1133 2976 1379 3033 corpore
1408 2958 1640 3031 majus:
2011 2961 2093 3017 40

214 3032 334 3090 Hic
367 3036 533 3093 subit
561 3043 623 3093 et
652 3038 891 3114 perfert.
982 3038 1114 3097 Aut
1142 3040 1342 3096 virtus
1371 3056 1590 3097 nomen
1619 3037 1799 3094 inane
1828 3043 1940 3106 est,

211 3113 345 3171 Aut
374 3116 559 3173 decus
590 3121 653 3174 et
681 3120 942 3193 pretium
974 3127 1132 3175 recte
1162 3119 1315 3195 petit
1344 3120 1664 3193 experiens
1696 3118 1802 3175 vir.

294 3194 515 3253 Ooram
545 3214 688 3272 rege
720 3215 833 3258 sua
863 3198 936 3257 de
967 3204 1329 3274 paupertate
1359 3204 1636 3258 tacentes

299 3334 327 3376 8
350 3335 522 3390 laedet,
546 3337 707 3382 laedat
831 3339 885 3381 21
912 3339 1044 3393 vilia,
1069 3353 1235 3383 verum
1359 3340 1415 3383 30
1439 3354 1597 3405 angue
1722 3341 1776 3383 31
1803 3340 1978 3386 vitavit

584 3403 589 3406 '
885 3400 943 3444 34
963 3403 1119 3442 tentat
1241 3400 1298 3443 43
1322 3412 1406 3454 suo
