2367 3784
78 1108 175 1120 *ns-

248 1106 287 1116 n·-

305 138 388 200 32
867 150 1157 199 nonam
1210 150 1618 198 GARM1NVM

304 310 461 369 Cum
489 312 581 369 fas
613 319 794 388 atque
824 311 996 369 nefas
1024 311 1251 386 exiguo
1282 309 1396 368 fine
1428 311 1754 370 libidinum
2113 312 2183 369 10

305 390 673 449 Discernunt
703 392 886 449 avidi.
974 357 1162 448 Non³³
1145 408 1263 465 ego
1293 396 1372 462 te,
1406 391 1658 449 candide
1688 392 2011 463 Bassareu,

301 471 576 528 Invitum
607 472 897 547 quatiam,
929 489 1040 529 nec
1070 472 1259 528 variis
1291 437 1491 529 ob’sita
1521 472 1836 529 frondibus

306 550 432 609 Sub
461 552 670 610 divum
699 553 949 627 rapiam.
1043 544 1248 610 Saeva
1274 558 1412 610 tene
1444 570 1581 610 cum
1613 553 1981 629 Berecyntio

304 631 509 690 Cornu
536 638 850 709 tympana,
881 650 1037 708 quae
1068 632 1456 708 subsequitur
1485 650 1700 690 caecus
1730 632 1927 691 Amor
1956 633 2072 706 sui,

302 711 386 769 Et
414 712 633 770 tollens
663 730 920 770 vacuum
948 712 1088 788 plus
1117 712 1310 770 nimio
1342 712 1553 772 Gloria
1583 713 1893 786 verticem,
2107 709 2178 767 15

300 791 646 869 Arcanique
676 792 863 851 Fides
890 792 1166 868 prodiga,
1197 792 1562 869 perlucidior
1589 794 1765 852 vitro,

264 966 274 975 ’
370 1048 401 1067 ..
539 970 577 1017 ·““
652 992 677 1021 f
720 958 759 1017 ‘³
1150 1005 1336 1066 XIX.

310 1102 369 1123 “””
396 1108 437 1117 “
500 1106 581 1139 ”“-
703 1112 907 1171 Mater
948 1131 1138 1172 saeva
1181 1113 1559 1190 Cupidinum
1838 1020 1985 1171 ff

541 1193 983 1270 Thebanaeque
1003 1195 1181 1269 jubet
1210 1212 1306 1252 me
1340 1194 1615 1253 Semelae
1642 1210 1794 1272 puer

701 1275 786 1332 Et
827 1275 1060 1332 lasciva
1102 1275 1385 1333 Licentia

541 1354 767 1413 Finitis
798 1355 1068 1412 animum
1097 1355 1345 1413 reddere
1376 1355 1703 1414 amoribus.

701 1435 842 1492 Urit
883 1453 979 1492 me
1025 1435 1319 1510 Glycerae
1361 1435 1539 1506 nitor,
2129 1429 2169 1488 5

546 1512 936 1592 Splendentis
970 1515 1152 1573 Pario
1184 1533 1482 1573 marmore
1510 1517 1759 1591 purius;

703 1595 848 1653 Urit
890 1601 1069 1670 grata
1111 1596 1492 1672 protervitas,

540 1674 626 1734 Et
653 1675 857 1734 voltus
885 1676 1141 1733 nimium
1169 1677 1431 1734 lubricus
1460 1676 1663 1754 aspici.

648 1792 651 1795 -
702 1755 779 1814 In
819 1774 914 1813 me
956 1762 1090 1814 tota
1131 1774 1312 1814 ruens
1354 1756 1569 1815 Venus

545 1835 822 1912 Cyprum
853 1837 1137 1909 deseruit,
1170 1855 1280 1896 nec
1310 1838 1540 1913 patitur
1571 1836 1838 1915 Scythas
2099 1829 2172 1887 10

706 1917 791 1975 Et
831 1917 1024 1974 versis
1067 1918 1411 1975 animosum
1453 1918 1625 1994 equis

544 1995 846 2054 Parthum
876 1997 1092 2068 dicere,
1126 2016 1235 2055 nec
1266 2016 1420 2074 quae
1449 1998 1602 2055 nihil
1631 1997 1913 2057 attinent.

704 2077 824 2135 Hic
855 2078 1062 2135 vivum
1094 2077 1246 2135 mihi
1274 2078 1620 2154 caespitem,
1652 2077 1752 2137 hic

544 2156 878 2228 VerbenaS‚
911 2158 1097 2233 pueri,
1128 2159 1351 2235 ponite,
1384 2164 1640 2234 turaque

699 2237 865 2295 Bimi
906 2256 1044 2295 cum
1087 2245 1300 2314 patera
1342 2238 1526 2297 meri:
2092 2235 2165 2296 15

544 2316 824 2377 Mactata
864 2318 1071 2377 veniet
1110 2319 1304 2377 lenior
1347 2317 1565 2376 hostia'.

568 2529 581 2579 Ι
770 2562 779 2607 1
920 2552 931 2599 Ι
1092 2559 1103 2569 ·
1160 2523 1309 2613 XX.
1419 2572 1430 2609 1
1957 2536 2131 2671 ss.

541 2624 684 2691 Vile
726 2626 970 2724 potabis
1011 2624 1265 2703 modlcls
1313 2624 1608 2694 Sabinum

545 2707 890 2782 cantharis
926 2712 1157 2772 Graeca
1185 2710 1350 2802 quod
1379 2714 1541 2788 egb'
1525 2732 1655 2791 ipse
1683 2714 1847 2775 t'esta

542 2788 873 2851 C'ondi‘tum
902 2790 1039 2859 levi,
1073 2784 1304 2850 datus
1287 2812 1349 2850 ln
1378 2794 1617 2853 theatro

784 2871 938 2930 Cum
980 2868 1089 2931 tibi
1131 2871 1401 2949 plausuS,

547 2951 702 3011 Care
733 2952 1058 3011 Maecenas
1089 2973 1292 3030 equeS,
1325 2962 1395 3012 ut
1421 2954 1660 3031 paterni
2126 2962 2167 3020 5

545 3031 846 3090 Fluminis
875 3035 1037 3110 ripae
1069 3035 1251 3093 simul
1280 3036 1573 3109 etheosa

543 3111 854 3171 Redderet
881 3115 1095 3173 laudes
1125 3116 1241 3173 tibi
1263 3114 1553 3174 Vaticani

779 3193 1016 3254 Montis
1059 3197 1280 3281 imago,

454 3334 483 3379 2
504 3334 668 3381 iuben*
792 3337 820 3381 2
844 3336 1051 3384 semeles
1173 3339 1202 3383 8
1222 3338 1387 3383 vultus
1454 3305 1465 3317 ’
1521 3338 1550 3382 s
1572 3335 1759 3397 auspici
1881 3337 1937 3383 11
1960 3351 2048 3383 ιιοο

619 3395 677 3444 12
696 3397 876 3443 attinet
1055 3399 1114 3445 14
1134 3397 1377 3461 thur-qne
1570 3399 1600 3442 ὁ
1617 3397 1748 3443 claro
