2367 3784
287 137 413 201 120

418 3271 475 3315 65
497 3270 834 3314 formidolosae
958 3272 1013 3314 55
1035 3284 1144 3314 eum
1269 3270 1326 3314 60
1347 3270 1631 3315 laborarunt
1758 3268 1816 3314 ⁶3
1841 3266 2055 3328 superba

895 152 1186 200 HORA'I'I
1238 154 1544 201 EPODON

525 307 965 369 Formidolosis
994 311 1141 369 dum
1169 312 1368 370 latent
1398 313 1572 370 silvis
1601 313 1780 385 ferae,

604 389 783 447 Dulci
827 407 1041 468 sopore
1085 391 1435 467 languidae,

526 468 763 540 Senem,
796 471 958 546 quod
988 488 1201 529 omnes
1229 472 1489 544 rideant,
1524 473 1870 533 adulterum

607 550 868 608 Latrent
912 549 1268 610 Suburanae
1311 570 1510 624 caneS,

522 629 584 688 Ν
589 630 737 688 ardo
764 638 1142 706 perunctum,
1177 632 1358 708 quale
1389 651 1510 691 non
1539 634 1869 710 perfectius

605 710 782 768 Meae
826 711 1159 770 laborarint
1205 730 1527 771 manus,—

526 791 687 865 Quid
720 788 981 849 accidit?
1069 792 1196 851 Cur
1225 793 1360 851 dira
1389 793 1681 852 barbarae
1709 793 1913 853 minus

606 871 865 929 Venena
907 871 1162 930 Medeae
1208 873 1430 943 valent,

523 952 762 1027 Quibus
792 953 1118 1027 superbam
1148 953 1310 1028 fugit
1340 955 1470 1012 ulta
1498 954 1791 1031 pellicem,

605 1032 823 1108 Magni
868 1031 1151 1091 Creontis
1196 1032 1401 1103 filiam,

526 1112 685 1174 Cum
710 1112 894 1188 palla,
924 1113 1071 1171 tabo
1101 1130 1326 1172 munus
1356 1115 1676 1186 imbutum,
1707 1132 1934 1173 novam

605 1192 893 1251 Incendio
938 1200 1195 1270 nuptam
1241 1193 1542 1252 abstulit?

526 1273 721 1350 Atqui
753 1292 861 1332 nec
892 1273 1080 1332 herba
1109 1291 1220 1332 nec
1251 1274 1448 1333 latens
1479 1275 1542 1332 in
1574 1276 1809 1350 asperis

607 1354 811 1412 Radix
853 1354 1069 1412 fefellit
1111 1372 1208 1411 me
1251 1354 1416 1413 locis

527 1434 832 1492 Indormit
874 1434 1075 1493 unctis
1121 1434 1394 1492 omnium
1435 1435 1733 1493 cubilibus

610 1513 929 1572 Oblivione
971 1514 1360 1591 pellicum.—

530 1592 670 1653 Ah!
715 1593 829 1652 ahl
874 1594 1114 1653 solutus
1146 1595 1425 1653 ambulat
1457 1594 1757 1653 veneficae

618 1673 971 1733 Scientioris
1015 1675 1297 1733 carmine.

529 1753 588 1812 N
594 1772 672 1812 on
715 1755 977 1826 usitatis,
1024 1755 1209 1826 Vare,
1253 1755 1624 1832 potionibuS,

611 1833 663 1892 Ο
708 1837 902 1894 multa
942 1835 1227 1894 fleturum
1271 1842 1468 1912 caput,

529 1914 635 1978 Ad
666 1934 760 1975 me
789 1933 1075 1984 recurres,
1112 1934 1222 1974 nec
1252 1924 1469 1974 vocata
1497 1933 1669 1974 mens
1698 1921 1809 1974 tua

611 1995 840 2055 Marsis
881 1997 1104 2055 redibit
1148 1997 1435 2054 vocibus:

531 2075 735 2150 Majus
761 2078 1005 2152 pal-abe,
1037 2078 1239 2151 majus
1268 2077 1586 2135 infundam
1613 2076 1730 2134 tibi

611 2156 980 2215 Fastidienti
1024 2157 1329 2235 poculum,

532 2236 832 2313 Priusque
862 2238 1097 2296 caelum
1131 2237 1292 2295 sidet
1320 2237 1572 2295 inferius
1601 2237 1776 2307 mari,

611 2317 850 2381 Tellure
891 2323 1171 2394 porrecta
1214 2334 1412 2392 super,

535 2397 736 2471 Quam
766 2415 886 2461 non
917 2415 1120 2456 amore
1155 2397 1247 2456 sic
1272 2415 1407 2455 meo
1437 2396 1679 2472 flagres,
1711 2396 1803 2454 uti

612 2477 903 2535 Bitumen
946 2478 1094 2535 atris
1141 2477 1445 2553 ignibuS.’'

533 2556 664 2617 Sub
693 2556 841 2616 haec
870 2575 1020 2633 puer-
1051 2559 1184 2632 jam
1218 2575 1356 2628 non,
1390 2562 1460 2615 ut
1490 2562 1649 2628 ante,
1681 2554 1971 2614 mollibus

614 2637 832 2698 Lenire
875 2638 1077 2696 verbis
1122 2637 1359 2714 impiaS,

534 2715 673 2785 Sed,
705 2717 926 2777 dubius
956 2718 1115 2775 unde
1146 2722 1456 2792 rumperet
1483 2714 1817 2785 silentium,

610 2796 789 2855 Misit
831 2797 1174 2873 Thyesteas
1218 2814 1461 2872 preces:

535 2877 847 2935 “Venena
894 2876 1195 2954 magnum*
1221 2878 1316 2935 fas
1347 2877 1638 2952 nefasque
1689 2893 1811 2933 non
1841 2874 2054 2932 valent

615 2956 980 3016 Convertere
1027 2958 1361 3015 humanam
1405 2958 1641 3030 vicem3

533 3037 701 3096 Diris
744 3056 924 3114 agam
968 3056 1114 3111 vos3
1158 3038 1293 3095 dira
1336 3037 1665 3096 detestatio

614 3116 801 3179 Nulla
840 3119 1120 3194 expiatur
1161 3117 1426 3176 victima.

641 3329 698 3373 ⁶5
722 3330 953 3374 infectum
1076 3330 1132 3375 87
1156 3331 1360 3387 magica,
1383 3343 1528 3386 maga
1547 3342 1644 3373 non
1667 3343 1692 3372 e
1711 3328 1833 3372 coni.

564 3389 623 3432 88
644 3388 862 3434 humana
881 3389 1089 3433 invicem
1110 3391 1233 3432 coni.
1257 3389 1338 3443 K„
1360 3390 1561 3433 immani
1582 3389 1688 3433 vioe
1708 3388 1828 3431 coni.
1854 3387 1912 3432 P.

2042 319 2107 374 55

2047 723 2108 778 60

2052 1122 2115 1177 65

2057 1518 2122 1577 '10

2063 1917 2126 1976 '15

2067 2318 2133 2374 80

2067 2715 2138 2773 85

2077 3118 2144 3174 90
