2367 3784
335 129 419 190 80
889 140 1175 187 nonam
1229 139 1645 188 CARMINVM

575 299 704 358 Nec
734 298 844 355 flos
873 315 1211 375 purpureus
1241 315 1432 369 rosae,

654 379 785 436 Nec
814 379 962 455 poti,
996 378 1286 449 vetulam,
1320 379 1484 436 faece
1513 384 1694 436 tenus
1722 379 1873 437 cadi.

1187 547 1369 606 XVI.

578 672 888 731 Inclusam
920 669 1169 728 Danaen
1201 669 1385 727 turris
1417 673 1615 741 aenea,

578 751 1009 826 Robustaeque
1039 750 1215 820 fores
1249 756 1311 807 et
1341 750 1598 825 vigilum
1629 768 1846 811 canum

581 831 814 889 Tristes
843 831 1128 888 excubiae
1161 829 1511 887 munierant
1539 831 1691 888 satis

739 910 1072 968 Nocturnis
1104 910 1180 967 ab
1214 910 1522 979 adulteriS,

584 990 649 1049 Si
680 1009 799 1048 non
830 991 1154 1058 Acrisium,
1193 990 1447 1064 virginis
1477 990 1715 1048 abditae

581 1070 914 1130 Custodem
943 1071 1251 1146 pavidum,
1284 1070 1326 1128 J
1333 1071 1573 1146 uppiter
1600 1076 1664 1128 et
1692 1068 1907 1131 Venus

581 1151 926 1209 Risissent:
972 1151 1096 1207 fore
1129 1151 1292 1207 enim
1321 1155 1522 1207 tutum
1552 1150 1664 1208 iter
1692 1156 1755 1207 et
1781 1156 1999 1225 patens

744 1231 1055 1290 Converso
1088 1231 1149 1286 in
1180 1231 1442 1305 pretium
1472 1230 1600 1287 deo,

581 1310 815 1368 Aurum
846 1328 952 1386 per
979 1310 1216 1367 medios
1247 1311 1331 1367 ire
1362 1310 1659 1367 satellites

491 1338 519 1545 Ι
582 1391 667 1448 Et
696 1407 1076 1465 perrumpere
1111 1396 1276 1448 amat
1305 1408 1454 1448 saxa
1480 1390 1791 1466 potentius

579 1470 716 1529 Ictu
745 1471 1031 1528 fulmineo
1055 1491 1068 1527 ε
1117 1470 1379 1529 concidit
1408 1471 1659 1545 auguris

740 1551 962 1626 Argivi
994 1551 1233 1619 domus,
1267 1552 1343 1608 ob
1371 1552 1603 1608 lucrum

580 1630 875 1688 Demersa
903 1632 1088 1688 exitio
1115 1652 1129 1703 ;
1175 1630 1395 1689 diffidit
1425 1632 1670 1688 urbium

580 1710 798 1768 Portas
829 1712 921 1768 vir
951 1711 1230 1781 MacedO,
1264 1718 1326 1768 et
1356 1712 1564 1768 subrui

1569 1717 1595 1769 t
1624 1710 1895 1771 aemulos

580 1791 790 1866 Reges
818 1791 1168 1848 muneribus
1193 1812 1206 1865 ;
1251 1809 1502 1849 munera
1533 1793 1782 1849 navium

523 1915 563 2065 ι(
743 1871 974 1929 Saevos
1005 1871 1343 1947 illaqueant
1372 1873 1568 1930 duces,

583 1951 967 2010 Crescentem
1001 1951 1280 2026 sequitur
1309 1970 1455 2009 cura
1482 1951 1813 2027 pecuniam,

578 2031 1001 2107 Majorumque
1033 2031 1244 2089 fames,
1329 2032 1371 2089 J
1377 2049 1481 2107 ure
1508 2030 1823 2108 perhorrui

581 2111 732 2170 Late
766 2113 1157 2187 conspicuum
1190 2111 1397 2169 tollere
1430 2113 1734 2181 verticem,

739 2192 1086 2262 Maecenas,
1121 2192 1397 2267 equitum
1427 2192 1626 2249 decus,

509 2278 553 2428 ss
582 2273 824 2345 Quanto
856 2273 1113 2348 quisque
1147 2272 1262 2328 sibi
1293 2272 1467 2346 plura
1497 2290 1569 2329 ne

1574 2267 1826 2347 gaverit,

578 2351 682 2410 Ab
712 2353 806 2410 dis
839 2353 1012 2428 plura
1041 2353 1228 2410 feret:
1275 2352 1361 2408 nil
1390 2353 1754 2427 cupientium

579 2431 797 2490 Nudus
826 2440 1024 2490 castra
1051 2438 1214 2507 peto,
1247 2438 1310 2489 et
1338 2431 1658 2505 transfuga
1688 2431 1950 2491 divitum

739 2514 954 2571 Partes
985 2514 1257 2588 linquere
1289 2513 1506 2586 gesti0,

578 2591 979 2667 Contemptae
1010 2593 1298 2650 dominus
1330 2592 1701 2668 splendidior
1729 2591 1833 2661 rei,

581 2672 776 2745 Quam
808 2674 861 2729 si
891 2673 1176 2749 quicquid
1210 2679 1344 2730 arat
1375 2673 1632 2748 impiger
1662 2671 1905 2748 Apulus

578 2750 895 2810 Occultare
926 2754 1078 2810 meis
1109 2754 1342 2811 dicerer
1374 2753 1623 2822 horreiS,

478 2847 567 2912 b
739 2833 1005 2908 Magnas
1033 2833 1192 2891 inter
1222 2851 1368 2908 opes
1396 2835 1587 2908 inops.

576 2909 771 2969 Purae
800 2913 966 2970 rivus
998 2932 1207 3009 aquae-3
1243 2915 1518 2989 silvaque
1539 2915 1826 2988 jugerum

576 2990 933 3063 Paucorum,
965 3000 1028 3051 et
1060 2995 1290 3069 segetis
1321 3002 1487 3051 certa
1516 2994 1664 3051 fides
1693 3008 1880 3061 meae,

579 3069 944 3145 Fulgentem
976 3074 1229 3148 imperio
1261 3073 1478 3130 fertilis
1512 3075 1569 3130 A

741 3150 927 3208 Fallit
959 3159 1117 3208 sorte
1147 3153 1399 3210 beatior.

1576 3074 1757 3130 fricae

583 3230 970 3303 Quamquam
999 3249 1106 3288 nec
1139 3232 1435 3289 Calabrae
1465 3232 1646 3289 mella
1675 3233 1876 3289 ferunt
1904 3245 2071 3306 ape8‚

468 3376 522 3419 16
545 3377 710 3419 vetum
806 3373 860 3417 13
885 3375 1092 3418 dimersa
1159 3374 1161 3376 ·
1184 3377 1240 3421 13
1263 3378 1450 3423 amidio
1477 3366 1484 3371 ’

1573 3381 1629 3424 22
1655 3395 1684 3424 a
1776 3382 1834 3426 26
1856 3392 1952 3425 non
1977 3380 2131 3440 piger

2141 288 2214 344 15

1975 582 2184 791 4

2177 988 2214 1044 5

2142 1387 2216 1442 10

2138 1788 2218 1844 15

2139 2585 2222 2642 25

2143 2984 2228 3038 30
