2367 3784
360 94 443 159 76

912 107 1198 156 HORA'PI
1253 105 1666 154 CARMINVM

639 267 769 326 Nec
802 269 896 325 vir
929 267 1131 324 Pieria
1161 267 1373 343 pellice
1406 266 1648 324 saucius
2152 269 2217 323 15

805 348 1052 417 Curvat‚
1089 347 1464 422 supplicibus
1495 347 1619 404 tuis

641 429 886 498 ParcaS,
921 445 1032 485 nec
1063 428 1264 502 rigida
1296 427 1536 484 mollior
1566 428 1808 484 aesculo

640 508 773 567 Nec
802 508 1038 565 Mauris
1071 509 1341 566 animum
1373 509 1580 565 mitior
1610 507 1929 581 anguibus,

642 587 702 647 N
707 606 786 646 on
816 589 929 646 hoc
961 606 1200 663 semper
1229 589 1343 646 erit
1373 588 1602 645 liminis
1634 595 1740 645 aut
1769 605 1964 663 aquae

803 668 1101 728 Caelestis
1130 670 1373 744 patiens
1402 669 1581 726 latus,
2150 664 2220 721 20

1243 864 1412 973 221„
1897 810 2105 1007 κς(

644 990 930 1059 Mercuri,
966 991 1138 1066 (nam
1172 994 1232 1046 te
1264 989 1477 1046 docilis
1506 989 1803 1063 magistro

643 1070 846 1128 Movit
877 1070 1190 1145 Amphion
1221 1069 1454 1143 lapides
1485 1070 1806 1145 canend0,)

644 1150 874 1226 Tuque,
906 1149 1167 1218 testudO,
1203 1166 1483 1207 resonare
1515 1155 1749 1225 septem

967 1229 1210 1310 Callida
1241 1229 1488 1305 nerviS,x

642 1309 774 1369 Nec
801 1311 1026 1386 loquax
1056 1310 1201 1367 olim
1233 1327 1428 1384 neque
1460 1317 1653 1384 grata,
1687 1327 1845 1367 nunc
1872 1314 1936 1366 et
2192 1314 2226 1370 ὅ

608 1458 613 1462 ,
645 1390 924 1449 D1vitum
954 1391 1182 1447 mensis
1216 1397 1279 1447 et
1309 1391 1507 1447 amica
1533 1391 1797 1464 templiS‚

643 1469 761 1528 Dic
789 1471 1020 1540 modos,
1056 1470 1232 1545 Lyde
1264 1470 1483 1546 quibus
1512 1470 1851 1528 obstinatas

966 1550 1258 1626 Applieet
1290 1568 1484 1620 aures,

638 1631 831 1706 Quae,
864 1631 1035 1689 velut
1063 1632 1205 1688 latis
1236 1649 1393 1706 equa
1425 1632 1607 1688 trima
1635 1630 1883 1706 campis,

642 1711 835 1769 Ludit
863 1712 1115 1769 exultim
1147 1713 1486 1786 metuitque
1516 1711 1709 1785 tangi,
2160 1717 2224 1771 10

642 1790 1012 1867 Nuptiarum
1043 1808 1258 1867 expers
1288 1797 1350 1849 et
1380 1791 1580 1850 adhuc
1607 1797 1890 1868 protervo

965 1872 1169 1930 Cruda
1202 1873 1435 1929 marito.

641 1951 737 2010 Tu
765 1957 940 2028 potes
969 1953 1162 2026 tigres
1195 1953 1567 2027 comitesque
1599 1952 1788 2009 silvas

642 2032 896 2103 Ducere,
929 2038 991 2090 et
1019 2033 1186 2090 rivos
1221 2033 1444 2090 celeres
1474 2034 1694 2089 morari
1721 2054 1736 2107 ;

642 2113 847 2171 Cessit
876 2114 1160 2170 immanis
1195 2114 1309 2170 tibi
1339 2113 1676 2171 blandienti
2155 2116 2218 2172 15

957 2194 999 2251 J
1005 2194 1204 2251 anitor
1236 2194 1425 2265 aulae,

643 2271 960 2344 Cerberus,
994 2275 1279 2349 quamvis
1309 2274 1522 2331 furiale
1554 2281 1796 2331 centum

641 2352 927 2412 Muniant
956 2372 1190 2429 angues
1221 2361 1423 2430 caput,
1454 2356 1584 2428 ejus
1616 2360 1797 2428 atque

642 2432 905 2509 Spiritus
933 2440 1088 2492 teter
1119 2436 1440 2510 saniesque
1469 2440 1676 2491 manet

962 2514 1081 2572 Ore
1113 2515 1405 2591 trilingui.
2153 2516 2222 2572 20

645 2593 805 2666 Quin
833 2600 897 2652 et
924 2595 1102 2652 Ixion
1134 2595 1473 2671 Tityosque
1505 2595 1674 2663 voltu

643 2673 814 2732 Risit
842 2676 1036 2732 invito
1061 2697 1075 2749 ;
1123 2678 1295 2734 stetit
1325 2694 1477 2733 urna
1502 2676 1752 2752 paulum

642 2753 832 2826 Sicca,
866 2755 1012 2813 dum
1044 2762 1222 2831 grato
1255 2757 1458 2813 Danai
1487 2756 1724 2830 puellas

963 2836 1251 2894 Carmine
1283 2837 1528 2893 mulces,

638 2915 875 2972 Audiat
905 2916 1078 2991 Lyde
1111 2917 1310 2973 scelus
1343 2926 1523 2992 atque
1554 2922 1735 2973 notas
2155 2911 2226 2970 25

637 2995 962 3070 Virginum
997 3015 1243 3071 poenam,
1277 3002 1340 3053 et
1369 2997 1546 3053 inane
1576 2994 1861 3071 lymphae

639 3074 889 3134 Dolium
920 3077 1109 3133 fundo
1138 3078 1454 3150 pereuntis
1484 3077 1625 3147 ime,

966 3155 1231 3230 Seraque
1262 3157 1392 3212 fata

545 3302 602 3344 18
625 3303 786 3345 animo
946 3301 1004 3342 10
1029 3301 1255 3344 exsultim
1410 3304 1466 3344 18
1488 3306 1723 3362 exeatque
1745 3318 1769 3345 e
1790 3302 2064 3347 conicum-a
