2367 3784
275 133 398 196 122

879 145 1166 192 HORATI
1217 145 1522 193 EPODON

438 305 743 362 Parumne
773 304 1007 378 campis
1039 310 1220 380 atque
1252 303 1541 379 Neptuno
1571 323 1754 382 super

512 383 744 441 Fusum
786 390 882 440 est
927 384 1133 441 Latini
1178 385 1513 458 sanguiniS,

434 462 578 521 Non
608 468 676 520 ut
705 463 1002 538 superbas
1029 464 1276 522 invidae
1309 464 1708 539 Carthaginis
2074 471 2103 525 5

518 544 839 602 Romanus
882 561 1049 601 arces
1091 551 1306 612 ureret,

434 622 716 681 Intactus
746 629 852 680 aut
879 623 1217 681 Britannus
1247 630 1315 681 ut
1343 625 1733 690 descenderet

517 703 704 761 Sacra
743 710 1061 761 catenatus
1105 704 1224 774 via,

437 782 556 842 Sed
589 790 674 854 ut,
708 783 1038 841 secundum
1069 790 1216 840 vota
1249 782 1636 853 Parthorum,
1669 802 1782 842 sua

514 863 678 921 Urbs
723 863 872 921 haec
915 864 1141 938 periret
1182 861 1478 921 dextera?
2040 868 2100 923 10

434 942 648 1020 Neque
681 943 778 1001 hic
808 944 967 1019 lupis
998 962 1147 1013 mOS,
1180 962 1291 1001 nec
1321 945 1436 1001 fuit
1464 944 1759 1015 leonibuS,

516 1024 842 1099 Umquam,
877 1025 994 1082 nisi
1029 1025 1091 1081 in
1122 1025 1347 1101 dispar,
1381 1024 1539 1081 feris

433 1103 705 1162 Furorne
737 1122 966 1175 caecos,
1000 1123 1080 1162 an
1109 1106 1272 1181 rapit
1307 1105 1399 1161 vis
1430 1106 1637 1175 acrior,

513 1186 616 1243 An
659 1184 883 1260 culpa?
968 1185 1361 1260 Responsum
1407 1185 1564 1245 date.

433 1264 698 1338 Tacent3
742 1272 803 1322 et
832 1265 1007 1322 albus
1039 1282 1143 1322 ora
1174 1265 1367 1341 pallor
1394 1264 1597 1335 inficit,
1714 1307 1719 1311 -
2037 1267 2098 1322 15

512 1344 874 1421 Mentesque
904 1344 1215 1421 perculsae
1245 1352 1506 1420 stupent.
2093 1342 2101 1357 '

432 1424 533 1484 Sic
562 1432 689 1483 est:
735 1425 949 1484 acerba
978 1426 1107 1483 fata
1139 1426 1457 1483 Romanos
1487 1431 1697 1500 agunt,

511 1503 838 1582 Scelusque
883 1506 1180 1563 fraternae
1225 1506 1407 1576 neciS,

429 1585 519 1643 Ut
547 1586 922 1644 immerentis
951 1584 1126 1644 fluxit
1153 1587 1218 1643 in
1245 1591 1469 1645 terram
1501 1586 1677 1643 Remi

512 1664 697 1725 Sacer
740 1666 1062 1743 nepotibus
1105 1683 1289 1726 cruor.
2031 1666 2096 1724 20

1132 1865 1247 1924 IX.

426 1975 685 2048 Quando
714 1982 1023 2050 repostum
1058 1975 1409 2033 Caecubum
1442 1975 1517 2033 ad
1550 1976 1740 2033 festas
1770 1975 1958 2052 dapes

508 2055 755 2113 Victore
798 2056 996 2112 laetus
1045 2054 1324 2125 Caesare,

423 2135 646 2194 Tecum
681 2135 793 2193 sub
826 2136 950 2193 alta
983 2136 1100 2210 (sic
1130 2136 1172 2194 J
1178 2138 1275 2192 ovi
1309 2137 1583 2210 gratum)
1616 2135 1814 2201 domn,

504 2216 691 2274 Beate
737 2216 1081 2285 Mac-cenae,
1129 2216 1353 2284 bibam,

424 2294 693 2354 Sonante
728 2297 980 2353 mixtum
1014 2296 1183 2352 tibiis
1216 2305 1455 2353 carmen
1490 2296 1638 2370 lyra,
2061 2304 2093 2358 5

503 2375 639 2434 Hac
669 2373 940 2446 Dorium,
975 2375 1096 2432 illis
1127 2375 1496 2433 barbarum?

419 2455 511 2513 Ut
540 2473 743 2532 nuper,
778 2463 952 2513 actus
983 2473 1118 2513 cum
1148 2457 1303 2513 freto
1334 2455 1681 2532 Neptunius

501 2535 642 2594 Dux
683 2536 845 2610 fugit
888 2536 1041 2593 ustis
1086 2536 1366 2604 navibus

421 2614 697 2674 Minatus
729 2616 859 2672 urbi
892 2616 1111 2685 vincla,
1139 2634 1294 2691 quae
1325 2617 1674 2674 detraxerat

499 2694 707 2754 Servis
752 2696 980 2753 amicus
1024 2695 1285 2771 perfidis.
2025 2703 2090 2757 10

418 2775 754 2845 Romanus,
788 2775 961 2846 eheu,
1000 2775 1259 2851 (posteri
1291 2776 1649 2853 negabitis)

498 2855 941 2931 Emancipatus
986 2856 1247 2913 feminae

419 2934 565 2993 Fert
596 2937 822 2993 vallum
853 2941 914 2993 et
946 2953 1128 3005 arma,
1162 2936 1338 2993 miles
1367 2942 1430 2994 et
1460 2934 1836 3012 spadonibus

497 3015 735 3074 Servire
779 3016 1023 3089 rugosis
1065 3021 1289 3092 potest,

417 3093 704 3170 Interque
752 3096 931 3166 sig-na
973 3101 1148 3170 turpe
1196 3090 1483 3152 militaria
2026 3099 2089 3154 15

498 3174 601 3233 Sol
647 3176 871 3250 aspicit
913 3173 1271 3250 conopiumi

298 3312 356 3356 12
378 3327 641 3374 numquam
770 3315 825 3358 13
848 3328 1015 3358 caecus
1141 3315 1196 3358 15
1221 3328 1305 3358 ora
1325 3315 1482 3374 pallor
1504 3314 1640 3357 albus
1765 3313 1822 3357 16
1844 3324 2090 3374 percussae

364 3375 384 3416 l
413 3376 676 3432 repositum
742 3376 768 3420 5
792 3374 959 3425 mixtis
1023 3375 1078 3419 15
1096 3375 1264 3436 turpe!
1330 3375 1385 3421 16
1409 3374 1617 3436 adspicit
1681 3374 1738 3421 16
1759 3386 2022 3434 conopeum
