2367 3784
316 99 395 159 64

862 73 1151 157 HoRA'l’I
1205 107 1621 155 CARMINVM

554 268 1017 326 Desiderantem
1062 268 1224 343 quod
1268 266 1420 324 satis
1463 272 1559 324 est
1602 285 1793 342 neque

551 348 1022 405 Tumultuosum
1064 347 1351 405 sollicitat
1395 364 1578 417 mare,

634 428 762 486 Nec
805 444 1027 485 saevus
1071 426 1321 486 Arcturi
1364 428 1635 485 cadentis

713 508 991 583 Impetus
1035 514 1141 564 aut
1184 508 1435 565 orientis
1479 508 1701 580 Haedi,
1787 506 2042 623 Λννκίἳω

553 589 613 648 N
618 607 693 647 on
737 589 1092 646 verberatae
1138 587 1431 662 grandine
1480 590 1691 647 vineae

557 669 930 744 Fundusque
962 668 1239 737 mendax,
1277 668 1485 726 arbore
1520 687 1678 728 nunc
1709 688 1900 747 aquas

636 749 956 825 culpante,
1004 765 1163 806 nunc
1207 750 1502 806 torrentia
1545 768 1729 825 agros

715 829 944 900 Sidera,
990 846 1149 886 nunc
1198 828 1427 886 hiemes
1469 830 1726 906 iniquas,

557 909 887 970 Contracta
920 910 1117 986 pisces
1154 926 1422 984 aequora
1452 912 1723 969 sentiunt

554 991 758 1049 Jactis
786 992 844 1048 in
878 991 1067 1047 altum
1103 990 1402 1062 molibus;
1447 989 1563 1048 huc
1593 992 1875 1068 frequens

636 1071 969 1131 Caementa
1012 1071 1282 1128 demittit
1323 1071 1668 1146 redemptor

716 1151 871 1211 Cum
914 1151 1161 1209 famulis
1210 1152 1611 1226 dominusque
1653 1158 1848 1211 terrae

555 1230 973 1290 Fastidiosus:
1022 1232 1130 1289 sed
1177 1231 1386 1288 Timor
1426 1238 1488 1288 et
1530 1230 1737 1291 Minae

556 1310 871 1370 Scandunt
899 1312 1111 1369 eodem
1143 1330 1265 1388 quo
1295 1312 1594 1385 dominus,
1626 1331 1819 1390 neque

632 1391 889 1450 Decedit
932 1397 1138 1450 aerata
1179 1392 1410 1449 triremi
1451 1398 1513 1449 et

716 1472 869 1530 Post
909 1473 1177 1547 equitem
1224 1473 1398 1530 sedet
1440 1478 1573 1530 atra
1618 1473 1781 1532 Cura

554 1553 730 1627 Quod
760 1553 811 1610 si
841 1552 1146 1610 dolentem
1181 1570 1293 1610 nec
1324 1552 1637 1628 Phrygius
1668 1555 1825 1632 lapis

553 1632 684 1691 Nec
724 1651 1127 1710 purpurarum
1175 1633 1372 1691 sidere
1416 1633 1634 1691 clarior

635 1712 877 1771 Delenit
918 1731 1084 1783 usus
1134 1732 1245 1771 nec
1287 1712 1548 1771 Falerna

713 1793 879 1851 Vitis
910 1793 1515 1869 Achaemeniumque
1546 1800 1802 1866 costum,
1823 1790 2008 1851 ίωϊὶυο
2029 1774 2242 1847 waſs&
2291 1808 2302 1833 a
2325 1780 2338 1795 ²

553 1872 677 1932 Cur
721 1874 1066 1932 invidendis
1113 1874 1393 1951 postibus
1434 1882 1497 1931 et
1540 1892 1700 1932 novo

553 1953 823 2012 Sublime
870 1955 989 2012 ritu
1037 1955 1253 2012 moliar
1296 1952 1562 2012 atrium?

590 2032 754 2094 ¹C'ur
798 2036 954 2092 valle
999 2041 1340 2112 permutem
1388 2033 1616 2092 Sabina

709 2114 977 2173 Divitias
1022 2112 1443 2191 operosiores?

1205 2353 1288 2412 II.
1978 2392 2010 2423 f

550 2475 901 2554 Angustam
949 2477 1141 2535 amice
1185 2475 1537 2553 pauperiem
1579 2467 1709 2552 pati

549 2555 867 2614 Robustus
913 2557 1035 2614 acri
1082 2556 1307 2613 militia
1347 2573 1499 2631 puer

631 2636 976 2707 Condiscat,
1024 2643 1086 2694 et
1134 2636 1400 2693 Parthos
1442 2636 1672 2694 feroces

708 2714 906 2774 Vexet
947 2734 1130 2793 eques
1177 2717 1542 2774 metuendus
1585 2716 1785 2787 hasta,

547 2796 881 2872 Vitamque
912 2798 1027 2855 sub
1060 2797 1205 2855 divo
1237 2803 1299 2853 et
1329 2797 1584 2871 trepidis
1615 2800 1761 2871 agat

547 2877 624 2935 In
651 2878 845 2935 rebus,
933 2879 1116 2936 Illum
1146 2896 1223 2935 ex
1255 2877 1569 2935 moenibus
1599 2875 1854 2934 hosticis

626 2957 911 3018 Matrona
952 2961 1241 3018 bellantis
1283 2958 1536 3035 tyranni

708 3041 1091 3117 Prospiciens
1133 3048 1198 3099 et
1242 3040 1450 3099 adulta
1493 3038 1666 3113 virgo

550 3121 844 3199 Suspiret,
881 3124 1102 3194 ‘Eheu,
1137 3142 1212 3181 ne
1244 3122 1412 3180 rudis
1445 3120 1759 3195 agminum

552 3201 827 3280 Sponsus
855 3204 1117 3262 lacessat
1145 3202 1354 3278 regius
1384 3217 1667 3277 asperum

777 3361 835 3404 43
859 3360 1025 3404 delinit
1214 3361 1229 3405 1
1262 3358 1404 3404 amici
1586 3361 1613 3403 ὁ
1635 3358 1715 3402 dio

2108 271 2181 326 25

2101 675 2184 728 30

2098 1069 2182 1126 35

2104 1471 2188 1526 40

2109 1871 2190 1926 45

1897 2240 2146 2391 s&

2119 3206 2204 3262 10
