2367 3784
784 104 1072 150 HORA'PI
1124 104 1538 151 CARMINVM

473 262 661 319 Mella
697 258 1022 332 decedunt,
1071 263 1368 338 viridique
1414 271 1607 321 certat
1996 269 2063 327 15

790 344 956 401 Baca
999 343 1287 418 VenafrO,

473 424 599 481 Ver
629 425 733 481 ubi
763 423 1015 498 longum
1046 424 1407 499 tepidasque
1436 424 1688 499 praebet

468 496 753 580 Juppiter
781 504 1046 572 brumaS,
1080 511 1141 561 et
1172 505 1404 562 amicus
1435 503 1640 561 Aulon

472 584 682 642 Fertili
712 584 954 642 Baccho
985 584 1307 640 minimum
1338 584 1614 641 Falernis

792 665 1041 721 Invidet
1084 664 1236 722 uvis
1991 670 2068 728 20

474 744 586 801 Ille
630 751 688 802 te
733 763 969 802 mecum
1013 745 1182 801 locus
1225 750 1288 801 et
1330 744 1540 802 beatae

474 825 803 883 Postulant
847 842 1051 898 arces;
1096 825 1178 880 ibi
1223 830 1291 881 tu
1336 825 1629 883 calentem

475 904 701 962 Debita
742 922 993 980 sparges
1037 904 1291 962 lacrima
1332 904 1604 962 favillam

791 984 972 1043 Vatis
1017 985 1213 1042 amici.

1087 1211 1236 1269 VII.

469 1333 523 1393 Ο
555 1353 735 1410 saepe
766 1353 1000 1394 mecum
1032 1344 1275 1412 tempus
1303 1336 1365 1393 in
1396 1335 1679 1393 ultimum
1853 1332 2096 1490 ‘ff

467 1413 760 1485 Deducte,
807 1416 1001 1473 Bruto
1045 1415 1300 1474 militiae
1344 1415 1511 1487 duce,

550 1495 702 1568 Quis
743 1501 805 1552 te
846 1496 1168 1554 redonavit
1211 1495 1509 1570 Quiritem

627 1574 740 1632 Dis
780 1576 993 1652 patriis
1038 1575 1318 1651 Italoque
1361 1576 1544 1649 caelo,

472 1655 742 1731 Pompei,
773 1673 1042 1713 meorum
1073 1658 1267 1730 prime
1298 1656 1598 1713 sodalium
1623 1656 1649 1714 ?
2035 1660 2075 1716 5

470 1734 625 1794 Cum
656 1754 774 1811 quo
805 1743 1146 1794 morantem
1179 1754 1358 1812 saepe
1391 1737 1555 1794 diem
1584 1754 1751 1796 mero

551 1815 750 1891 Fregi,
795 1824 1118 1874 coronatus
1164 1818 1430 1875 nitentes
1475 1864 1482 1869 .

622 1896 1009 1954 Malobathro
1056 1897 1238 1973 Syrio
1281 1898 1548 1974 capillos,

467 1976 694 2034 Tecum
729 1976 1044 2053 Philippos
1073 1984 1136 2036 et
1165 1978 1419 2035 celerem
1448 1979 1657 2053 fugam

467 2052 660 2127 Sensi,
707 2057 914 2115 relicta
955 2076 1080 2115 non
1124 2059 1277 2115 bene
1319 2059 1617 2133 parmula,
2000 2060 2075 2116 10

548 2135 704 2195 Cum
746 2138 935 2195 fracta
977 2139 1191 2209 virtus,
1236 2144 1298 2196 et
1340 2139 1609 2196 minaces

626 2216 827 2292 Turpe
871 2218 1069 2274 solum
1112 2219 1372 2294 tetigere
1414 2225 1637 2277 mento.

465 2296 587 2355 Sed
614 2315 711 2354 me
741 2315 847 2372 per
878 2298 1088 2356 hostes
1122 2298 1461 2356 Mercurius
1490 2299 1650 2358 celer

463 2376 670 2435 Denso
698 2384 1023 2452 paventem
1056 2379 1308 2436 sustulit
1338 2386 1468 2437 aere
1493 2401 1507 2453 3

547 2457 633 2515 Te
662 2475 872 2515 rursus
901 2459 963 2515 in
993 2458 1222 2518 bellum
1251 2460 1567 2518 resorbens
1999 2457 2072 2515 15

624 2536 809 2595 Unda
837 2538 1009 2596 fretis
1037 2539 1180 2597 tulit
1209 2540 1523 2597 aestuosis,

464 2618 631 2693 Ergo
662 2619 998 2693 obligatam
1029 2619 1212 2677 redde
1241 2620 1282 2677 J
1288 2620 1388 2677 ovi
1417 2621 1655 2696 dapem,

463 2696 798 2773 Longaque
829 2699 1056 2756 fessum
1087 2700 1308 2757 militia
1337 2699 1499 2757 latus

543 2776 792 2852 Depone
835 2779 948 2835 sub
991 2780 1164 2837 lauru
1206 2798 1357 2850 mea,
1401 2797 1511 2837 nec

625 2858 814 2916 Parce
857 2860 1023 2917 cadis
1065 2860 1179 2917 tibi
1222 2860 1562 2918 destinatis,
1997 2859 2076 2916 20

462 2936 778 2996 Oblivioso
819 2929 978 2996 levia
1018 2939 1286 2997 Massico

463 3017 710 3076 Ciboria
738 3019 944 3095 exple3
986 3020 1167 3077 funde
1198 3020 1527 3095 capacibus

541 3099 876 3174 Unguenta
904 3101 978 3158 de
1008 3100 1268 3158 conchis
1358 3101 1511 3174 Quis
1538 3100 1659 3157 udo

619 3179 1032 3256 Deproperare
1076 3182 1214 3257 apio
1255 3198 1509 3240 coronas

246 3333 304 3378 16
324 3334 385 3377 bn.
401 3348 468 3377 ἀα
547 3335 602 3377 19
625 3335 803 3378 fertilis
866 3335 920 3378 19
942 3334 1146 3378 nimium
1209 3335 1267 3378 24
1290 3334 1424 3377 Orati
1488 3334 1544 3378 12
1569 3334 1733 3393 (turpe
1748 3332 1779 3389 Σ)
1848 3334 1905 3377 19
1926 3334 2062 3378 lauro
