2367 3784
1000 140 1147 187 ms.
1200 142 1246 188 1.
1297 127 1392 202 13,
1431 126 1512 187 14
2048 125 2172 187 209

295 301 471 358 Rure
499 319 615 375 ego
644 301 974 370 viventem,
1004 305 1075 358 tu
1105 300 1258 358 dicis
1289 299 1348 355 in
1379 300 1524 357 urbe
1554 300 1833 357 beatum:
2097 298 2165 354 10

303 380 422 439 Oui
453 382 654 458 placet
684 380 951 448 alterius,
985 398 1097 437 sua
1129 381 1415 437 nimirum
1446 387 1542 437 est
1573 381 1710 437 odio
1742 398 1888 438 sors.

304 459 548 518 Stultus
578 469 830 536 uterque
859 459 1057 516 locum
1087 460 1458 516 immeritum
1489 467 1774 517 causatur
1799 460 2038 535 inique:

302 540 380 597 In
411 541 585 615 culpa
614 546 708 598 est
738 540 995 610 animus,
1028 541 1131 615 qui
1162 558 1226 596 se
1256 558 1377 597 non
1406 540 1620 614 effugit
1649 558 1954 616 umquam.

306 620 402 678 Tu
432 621 834 678 mediastinus
862 620 1053 676 tacita
1082 638 1257 694 prece
1286 637 1429 678 rura
1457 620 1722 695 petebaS,

304 700 485 758 Nunc
514 701 725 757 urbem
754 706 816 756 et
846 700 1021 758 ludos
1052 708 1114 757 et
1143 700 1362 757 balnea
1391 700 1607 758 vilicus
1637 706 1844 776 optas3
2097 698 2169 753 15

308 780 411 837 Me
443 785 717 837 constare
748 779 899 836 mihi
929 781 1065 848 scie,
1098 786 1160 838 et
1190 780 1495 837 discedere
1523 781 1782 850 tristem,

311 861 825 934 Quandocumque
855 860 1109 917 trahunt
1139 860 1339 916 invisa
1368 861 1615 935 negotia
1647 861 1929 917 Romam.

308 941 365 998 N
373 959 448 997 on
476 941 689 997 eadem
720 940 1046 1012 miramur3
1090 958 1161 996 eo
1193 940 1577 998 disconvenit
1602 941 1760 997 inter

308 1021 529 1095 Meque
557 1026 620 1078 et
641 1026 737 1078 te:
781 1038 940 1086 nam,
975 1038 1128 1094 quae
1160 1020 1401 1077 deserta
1429 1027 1492 1077 et
1518 1020 1829 1095 inhospita
1858 1026 2076 1095 tesqua

310 1100 538 1169 CrediS,
572 1118 828 1157 amoena
859 1106 1040 1157 vocat
1068 1117 1304 1157 mecum
1336 1100 1435 1174 qui
1467 1101 1673 1170 sentit,
1706 1106 1768 1157 ct
1798 1100 1927 1157 odit
2096 1097 2171 1155 ‘20

310 1181 476 1253 Quae
505 1186 571 1238 tu
600 1180 852 1256 pulchra
877 1186 1074 1255 putas
1161 1180 1392 1237 Fornix
1417 1181 1529 1238 tibi
1558 1187 1619 1237 et
1647 1186 1833 1237 uncta
1859 1179 2088 1255 popina

306 1261 620 1318 Incutiunt
650 1261 813 1317 urbis
844 1260 1232 1330 desiderium,
1267 1260 1462 1329 vide0,
1494 1266 1556 1318 et
1586 1260 1747 1336 quod

306 1340 593 1415 Angulus
620 1341 737 1397 iste
768 1341 919 1397 feret
946 1341 1119 1416 piper
1146 1345 1209 1397 et
1237 1345 1339 1397 tus
1370 1341 1537 1398 ocius
1565 1359 1703 1411 uva,

307 1419 434 1478 Nec
466 1421 667 1478 vicina
698 1421 908 1478 subest
939 1421 1148 1478 vinum
1179 1421 1468 1496 praebere
1499 1421 1752 1478 taberna

310 1501 478 1574 Quae
506 1501 705 1576 possit
734 1501 862 1570 tibi,
894 1519 1004 1558 nec
1033 1502 1316 1558 meretrix
1344 1501 1611 1571 tibicina,
1645 1503 1814 1575 cujus
2098 1495 2171 1552 25

307 1582 408 1638 Ad
439 1581 759 1655 strepitum
792 1581 979 1638 salias
1008 1586 1204 1638 terrae
1237 1582 1478 1656 gravis:
1523 1592 1586 1639 et
1613 1587 1819 1640 tamen
1851 1596 2032 1655 urges

307 1661 349 1719 J
354 1661 685 1737 ampridem
719 1679 839 1717 non
868 1666 1036 1719 tacta
1065 1661 1375 1735 ligonibus
1405 1679 1570 1729 arva,
1602 1662 1938 1735 bovemque

308 1741 689 1816 Disjunctum
723 1758 898 1798 curas
927 1747 990 1799 et
1018 1741 1248 1798 strictis
1279 1742 1595 1799 frondibus
1625 1742 1830 1817 exples
1858 1762 1872 1815 ;

309 1822 501 1878 Addit
530 1839 681 1896 opus
710 1822 884 1895 pigro
916 1821 1100 1891 rivuS,
1134 1821 1185 1877 si
1216 1822 1441 1879 decidit
1468 1821 1677 1890 imber,

307 1900 504 1958 Multa
532 1901 689 1958 mole
721 1901 1027 1959 docendus
1057 1902 1259 1978 aprico
1290 1919 1533 1978 parcere
1563 1906 1756 1977 prato,
1945 1916 1952 1922 ·
2097 1896 2171 1951 30

382 2060 442 2118 N
447 2079 560 2122 unc
592 2080 721 2136 age,
754 2061 899 2137 quid
928 2066 1204 2119 nostrum
1234 2067 1594 2120 concentum
1625 2061 1877 2131 dividat,
1911 2059 2071 2118 audi.

309 2141 501 2214 Quem
531 2147 747 2199 tenues
778 2143 1030 2198 decuere
1061 2148 1240 2235 togae
1272 2143 1566 2217 nitidique
1598 2141 1810 2218 capilli,

308 2222 498 2294 Quem
530 2222 649 2278 scis
678 2222 1005 2278 immunem
1040 2211 1297 2280 Cinarae
1327 2222 1627 2297 placuisse
1658 2221 1881 2297 rapaci,

308 2301 496 2374 Quem
526 2302 797 2359 bibulum
828 2301 1042 2377 liquidi
1074 2302 1274 2358 media
1305 2303 1376 2359 de
1407 2303 1537 2359 luce
1570 2302 1833 2371 Falerni,

308 2380 473 2438 Cena
501 2382 706 2438 brevis
727 2383 908 2455 juvat
937 2388 1000 2438 et
1027 2400 1213 2457 prope
1242 2382 1441 2439 rivum
1470 2400 1720 2440 somnus
1748 2383 1811 2438 in
1842 2380 2063 2454 herba3
2093 2376 2167 2432 35

305 2459 363 2518 N
366 2479 432 2518 ec
460 2462 679 2518 lusisse
709 2462 913 2535 pudet,
947 2462 1054 2518 sed
1083 2481 1205 2519 non
1235 2462 1496 2520 incidere
1525 2463 1753 2520 ludum.

303 2538 362 2597 N
366 2558 443 2598 on
473 2542 611 2599 istic
641 2541 884 2616 obliquo
915 2542 1087 2599 oculo
1119 2561 1254 2599 mea
1282 2544 1601 2600 commoda
1628 2543 1949 2618 quisquam

305 2619 528 2692 Limat,
562 2640 680 2679 non
712 2623 852 2679 odio
884 2622 1138 2679 obscuro
1168 2641 1493 2698 morsuque
1526 2628 1825 2696 venenat3

304 2699 532 2759 Rident
561 2703 743 2764 vicini
776 2702 986 2774 glebas
1016 2707 1078 2758 et
1109 2719 1258 2760 saxa
1287 2711 1648 2761 moventem.

306 2779 458 2838 Cum
489 2782 682 2840 servis
714 2782 946 2839 urbana
976 2782 1172 2839 diaria
1200 2784 1411 2842 rodere
1440 2784 1673 2857 mavis3
2094 2777 2165 2830 40

304 2857 543 2917 Horum
573 2867 640 2918 tu
671 2862 735 2918 in
765 2879 1084 2918 numerum
1116 2869 1259 2920 voto
1289 2864 1451 2920 ruis:
1499 2864 1733 2920 invidet
1761 2880 1942 2920 usum

305 2937 640 3015 Lignorum
672 2948 734 2999 et
762 2942 996 3015 pecoris
1026 2942 1139 2999 tibi
1170 2943 1301 2999 calo
1333 2949 1588 3017 argutus
1617 2949 1679 3001 et
1709 2943 1884 3001 horti.

307 3018 495 3095 Optat
523 3021 812 3097 ephippia
842 3022 951 3079 bos
979 3023 1166 3095 piger,
1203 3028 1372 3098 optat
1404 3041 1572 3079 arare
1602 3024 1890 3082 caballus,

306 3098 502 3172 Quam
536 3101 651 3158 scit
684 3108 953 3177 uterquc,
985 3102 1198 3174 libens,
1232 3102 1507 3174 censebo,
1541 3109 1818 3161 exerceat
1849 3108 2056 3161 artem.

362 3267 414 3309 11
439 3281 513 3312 res
624 3269 681 3311 19
704 3282 801 3328 qun.
910 3269 966 3313 19
989 3272 1122 3313 tesca
1226 3270 1282 3313 21
1308 3283 1450 3315 vocas
1558 3272 1615 3315 23
1637 3271 1751 3315 thus
1845 3272 1902 3313 40
1926 3271 2109 3314 cibaria.

509 3354 635 3403 Hor.
669 3354 729 3401 14
