2367 3784
302 155 389 217 36

852 162 1141 210 HORATI
1192 160 1609 210 CARMINVM

1110 349 1360 409 XXVI.
1916 347 2143 513 ff

544 473 745 534 Musis
775 474 1002 532 amicus
1034 473 1350 530 tristitiam
1380 480 1443 532 et
1470 482 1673 533 metus

546 555 811 614 Tradam
840 554 1142 630 protervis
1173 553 1235 610 in
1266 571 1429 612 mare
1462 555 1771 614 Creticum

629 636 880 693 Portare
912 626 1147 704 ventis)
1166 634 1305 708 quis
1335 634 1445 692 sub
1476 635 1667 694 Arcto

711 716 847 773 Rex
876 715 1111 790 gelidae
1144 721 1454 772 metuatur
1481 733 1640 786 orae,

554 797 717 872 Quid
748 796 1062 853 Tiridaten
1100 803 1342 867 terreat,
1376 796 1548 854 unice
2115 806 2149 861 5

553 876 826 936 Securus
915 875 966 934 Ο
998 895 1152 952 quae
1192 876 1457 933 fontibus
1487 877 1746 954 integris

633 957 897 1027 GaudeS,
931 957 1164 1032 apricos
1199 965 1369 1014 necte
1401 956 1593 1029 flores,

711 1037 901 1095 Necte
930 1056 1065 1095 meo
1099 1037 1354 1095 Lamiae
1385 1055 1686 1110 coronam,

554 1116 828 1194 Pimplea
855 1116 1076 1175 dulcis!
1164 1118 1266 1174 Nil
1302 1118 1432 1175 sine
1460 1124 1520 1176 te
1550 1118 1671 1176 mei

555 1197 821 1257 Prosunt
852 1198 1140 1256 honores:
1190 1198 1349 1256 hunc
1381 1198 1598 1256 fidibus
1627 1198 1820 1268 novis,
2078 1206 2149 1262 10

639 1278 819 1336 Hunc
849 1279 1072 1336 Lesbio
1105 1296 1342 1336 sacrare
1373 1279 1602 1354 plectro

716 1357 918 1434 Teque
949 1365 1209 1433 tuasque
1241 1359 1415 1416 decet
1444 1376 1694 1416 sorores.

844 1514 857 1581 f
896 1542 944 1661 Ο
1042 1502 1394 1654 [xxvn.
1943 1518 2202 1721 ff

559 1677 746 1736 Natis
773 1677 837 1734 in
865 1694 1041 1734 usum
1072 1678 1339 1735 laetitiae
1370 1679 1624 1753 scyphis

563 1757 849 1833 Pugnare
880 1757 1182 1814 Thracum
1214 1764 1345 1816 est:
1391 1759 1586 1816 tollite
1616 1760 1942 1818 barbarum

642 1837 895 1907 Morem,
930 1839 1458 1914 verecundumque
1489 1839 1797 1897 Bacchum

727 1916 1093 1992 Sanguineis
1124 1917 1438 1993 prohibete
1472 1915 1653 1974 rixis!

569 1998 732 2056 Vino
762 2005 823 2054 et
851 1997 1112 2054 lucernis
1145 1997 1370 2055 Medus
1403 1997 1677 2056 acinaces
2124 1999 2160 2054 5

563 2079 838 2137 Immane
867 2084 1166 2153 quantum
1200 2078 1539 2153 discrepat:
1586 2079 1838 2155 impium

645 2158 860 2216 Lenite
890 2159 1232 2228 clamorem,
1269 2159 1529 2229 sodaleS,

727 2238 811 2295 Et
837 2240 1037 2296 cubito
1069 2245 1378 2297 remanete
1407 2239 1652 2315 presso!

566 2318 772 2377 Voltis
802 2319 997 2377 severi
1030 2338 1125 2377 me
1160 2337 1397 2395 quoque
1431 2338 1663 2377 sumere

570 2399 817 2457 Partem
846 2398 1137 2457 Falerni?
1228 2400 1408 2457 Dicat
1440 2399 1744 2475 Opuntiae
2096 2397 2169 2453 10

651 2479 868 2537 Frater
897 2480 1206 2554 Megillae‚
1242 2499 1361 2556 quo
1389 2481 1605 2538 beatus

730 2560 1015 2630 Volnere,
1049 2579 1169 2636 qua
1202 2567 1409 2636 pereat
1438 2562 1681 2636 sagitta.

574 2640 795 2701 Cessat
823 2640 1150 2700 voluntas?
1238 2641 1379 2699 Non
1410 2642 1530 2699 alia
1558 2642 1761 2699 bibam

571 2721 870 2780 Mercede.
960 2724 1127 2796 Quae
1160 2730 1220 2781 te
1255 2741 1507 2798 cumque
1539 2722 1747 2779 domat
1774 2720 2007 2795 Venus,

659 2801 719 2859 N
725 2821 800 2859 on
842 2804 1270 2880 erubescendis
1316 2805 1517 2861 adurit
2101 2795 2175 2851 15

735 2883 1010 2959 IgnibuS,
1049 2885 1433 2960 ingenuoque
1467 2901 1706 2959 semper

573 2964 801 3023 Amore
830 2983 1046 3041 peccas
1075 2986 1088 3038 ;
1133 2965 1421 3040 quicquid
1454 2965 1658 3035 habeS,
1693 2982 1824 3041 age,

576 3044 824 3121 Depone
857 3046 1005 3102 tutis
1039 3045 1497 3103 auribus—Ah
1531 3046 1731 3118 miser,

658 3127 903 3200 Quanta
932 3126 1255 3183 laborabas
1290 3125 1620 3201 Charybdi,

737 3206 938 3281 Digne
969 3223 1117 3282 puer
1145 3206 1389 3263 meliore
1421 3204 1696 3265 flamma!
2106 3195 2193 3248 20

460 3362 487 3408 9
504 3361 674 3422 Piplea
690 3367 746 3416 Ω,
762 3362 970 3422 Pimplei
989 3377 1012 3405 e
1026 3361 1290 3405 coniectura
1403 3363 1458 3406 10
1472 3366 1678 3422 possunt
1804 3363 1829 3407 6
1845 3363 2086 3423 discrepet

612 3423 669 3466 12
686 3423 885 3466 vulnere
1099 3422 1156 3465 13
1179 3423 1404 3482 voluptas
1619 3423 1675 3467 19
1698 3422 1887 3467 laboras
1910 3423 1960 3467 in
