2367 3784
231 106 355 168 176
761 121 1049 175 HORA'I'I
1099 121 1540 170 SATmARvM

229 278 463 336 Doctus
491 279 611 335 eris
639 278 845 335 vivam
876 279 1069 335 mixto
1101 296 1364 335 mersare
1395 278 1652 337 Falerno
1677 300 1691 354 ;

232 359 367 415 Hoc
398 369 666 415 teneram
702 360 897 416 saciet.
989 359 1387 415 Pratensibus
1422 362 1651 435 optima
1682 361 1891 436 fungis
2003 356 2081 411 20

231 439 471 496 Natura
499 445 627 511 est3
674 439 810 494 aliis
842 439 997 495 male
1030 440 1308 495 creditur.
1398 439 1508 497 Ille
1540 442 1811 500 salubres

231 520 522 576 Aestates
550 526 814 594 peraget,
849 520 950 594 qui
985 519 1176 593 nigris
1209 521 1458 594 prandia
1490 523 1672 578 moris

230 599 451 667 Finiat,
486 608 625 656 ante
657 618 905 674 gravem
939 617 1092 674 quae
1125 599 1340 674 legerit
1372 602 1578 659 arbore
1610 602 1814 660 solem.

230 680 514 737 Aufidius
543 680 683 737 forti
714 679 1010 736 miscebat
1041 680 1220 737 mella
1253 681 1528 752 Falern0‚

230 760 541 829 Mendose‚
575 761 863 835 quoniam
899 761 1108 816 vacuis
1141 761 1518 819 committere
1552 763 1721 820 venis
2003 755 2080 809 25

229 840 330 897 Nil
365 842 481 898 nisi
514 842 645 898 lene
678 840 884 912 decet;
931 840 1050 896 leni
1081 842 1433 916 praecordia
1460 844 1657 900 mulso

231 921 539 979 Prolueris
568 922 800 978 melius,
891 920 955 977 Si
987 922 1138 978 dura
1167 923 1504 979 morabitur
1533 923 1727 994 alvus,

228 1000 490 1058 Mitulus
519 1010 581 1059 et
611 1002 764 1058 viles
793 1002 1020 1077 pellent
1051 1003 1365 1059 obstantia
1395 1003 1658 1060 conchae

229 1080 313 1138 Et
340 1082 573 1156 lapathi
604 1083 806 1139 brevis
841 1082 1042 1151 herba,
1078 1083 1182 1140 sed
1216 1083 1351 1139 albo
1381 1101 1502 1139 non
1532 1084 1662 1140 sine
1696 1083 1839 1141 Coo,

230 1160 493 1219 Lubrica
522 1169 839 1220 nascentes
870 1162 1124 1238 implent
1152 1163 1474 1238 conchylia
1502 1164 1680 1220 lunae
1707 1184 1721 1236 3
2002 1156 2081 1211 30

230 1240 349 1299 Sed
381 1260 498 1299 non
529 1261 702 1300 omne
734 1260 897 1299 mare
929 1250 1024 1299 est
1052 1261 1382 1317 generosae
1413 1244 1608 1300 fertile
1638 1249 1873 1316 testae;

228 1320 458 1379 Murice
491 1323 722 1379 Baiano
752 1323 964 1379 melior
996 1324 1263 1380 Lucrina
1291 1324 1529 1398 peloris,

229 1400 448 1459 Ostrea
480 1403 745 1472 CirceiiS‚
780 1404 1020 1460 Miseno
1052 1403 1328 1460 oriuntur
1358 1404 1573 1474 echini,

229 1481 584 1540 Pectinibus
614 1484 841 1558 patulis
873 1484 1066 1557 jactat
1095 1501 1159 1540 se
1193 1484 1369 1541 molle
1399 1484 1751 1541 Tarentum.

306 1642 365 1700 N
368 1662 434 1701 ec
464 1643 576 1700 sibi
607 1662 894 1701 cenarum
925 1644 1124 1720 quivis
1152 1649 1380 1702 temere
1413 1650 1654 1719 arroget
1686 1649 1898 1713 artem,
2003 1635 2083 1690 35

227 1722 286 1780 N
292 1742 368 1780 on
397 1726 565 1799 prius
594 1734 808 1782 exacta
837 1726 1003 1782 tenui
1037 1725 1269 1781 ratione
1302 1743 1620 1801 saporum3

230 1803 286 1860 N
292 1822 357 1860 ec
389 1805 539 1861 satis
569 1811 664 1861 est
694 1823 833 1862 cara
861 1806 1059 1880 pisces
1090 1823 1363 1862 averrere
1394 1823 1605 1862 mensa

228 1883 518 1958 Ignarum
552 1885 771 1958 quibus
801 1893 896 1941 est
932 1887 1034 1959 jus
1066 1886 1272 1960 aptius
1302 1892 1364 1941 et
1393 1886 1612 1960 quibus
1644 1885 1802 1942 assis

229 1963 587 2039 Languidus
619 1966 679 2021 in
709 1966 981 2022 cubitum
1019 1967 1144 2039 jam
1180 1984 1243 2021 se
1275 1966 1534 2022 conviva
1560 1969 1825 2040 reponet.

229 2044 458 2100 Umber
486 2051 546 2101 et
574 2045 764 2119 iligna
793 2045 1061 2101 nutritus
1092 2046 1312 2119 glande
1343 2046 1634 2102 rotundas
2006 2036 2084 2089 40

229 2123 460 2182 Curvat
491 2143 634 2200 aper
663 2126 862 2181 lances
894 2143 1133 2182 carnem
1170 2126 1420 2182 vitantis
1451 2126 1742 2197 inertem3

226 2203 386 2261 Nam
423 2205 697 2262 Laurens
727 2206 924 2261 malus
955 2211 1066 2274 est,
1101 2206 1261 2262 ulvis
1292 2212 1353 2262 et
1384 2206 1677 2262 arundine
1707 2204 1977 2279 pinguis,

226 2283 427 2341 Vinea
456 2286 760 2341 submittit
789 2303 1035 2361 capreas
1065 2304 1186 2342 non
1218 2303 1452 2361 semper
1480 2286 1703 2342 edules

227 2364 547 2421 Fecundae
578 2365 798 2439 leporis
831 2366 1071 2441 sapiens
1104 2368 1437 2423 sectabitur
1468 2383 1683 2422 armos,

229 2444 505 2501 Piscibus
536 2454 715 2520 atque
748 2447 960 2502 avibus
993 2465 1145 2520 quae
1180 2453 1399 2503 natura
1428 2451 1489 2502 et
1519 2446 1671 2503 foret
1700 2449 1883 2514 actae,
2007 2434 2084 2488 45

229 2525 395 2582 Ante
427 2543 624 2581 meum
658 2526 804 2581 nulli
836 2527 1037 2600 patuit
1067 2527 1348 2601 quaesita
1376 2527 1663 2602 palatum.

231 2604 387 2661 Sunt
417 2623 669 2678 quorum
700 2607 1010 2680 ingenium
1046 2626 1208 2663 nova
1236 2614 1474 2664 tantum
1507 2605 1777 2664 crustula
1803 2604 2048 2679 promit.

228 2683 628 2760 Nequaquam
659 2688 812 2742 satis
843 2687 904 2743 in
935 2705 996 2744 re
1031 2705 1152 2744 una
1181 2704 1533 2744 consumere
1565 2703 1786 2753 curam,

231 2764 319 2821 Ut
349 2765 394 2820 si
429 2767 564 2839 quis
594 2767 789 2823 solum
823 2767 951 2837 hoc,
985 2768 1147 2824 mala
1177 2786 1250 2823 ne
1283 2769 1407 2824 sint
1438 2768 1596 2837 vina,
1629 2765 1877 2834 laboret,

231 2845 407 2916 Quali
439 2847 761 2919 perfundat
790 2850 985 2922 pisces
1018 2866 1264 2905 securus
1295 2848 1469 2904 olivo.
2005 2833 2085 2887 5⁰

228 2924 496 2982 Massica
526 2928 575 2983 si
606 2929 771 2985 eaelo
804 2947 1112 3004 supponas
1145 2930 1289 2985 vina
1318 2945 1545 2995 sereno,

228 3004 560 3075 Nocturna,
594 3010 641 3065 si
676 3010 820 3083 quid
854 3011 1042 3066 crassi
1071 3016 1183 3075 est,
1221 3008 1572 3065 tenuabitur
1602 3024 1762 3076 aura,

227 3085 310 3142 Et
339 3088 587 3144 decedet
616 3090 762 3145 odor
792 3090 996 3146 nervis
1028 3090 1345 3160 inimicus3
1391 3094 1454 3144 at
1482 3087 1588 3143 illa

226 3166 545 3242 Integrum
576 3170 839 3243 perdunt
870 3169 992 3225 lino
1022 3171 1242 3226 vitiata
1272 3185 1564 3243 saporem.

392 3307 449 3352 37
472 3312 687 3353 avertere
811 3310 866 3353 39
891 3310 1081 3369 reponit
1202 3310 1254 3353 41
1283 3311 1449 3352 curvet
1569 3307 1628 3350 42
1650 3305 1924 3350 harundine

738 3370 798 3412 44
821 3370 1010 3412 fecundi
1258 3369 1312 3413 51
1339 3381 1579 3428 suppones
