2367 3784
242 125 328 186 42

342 2238 461 2321 §7

799 142 1088 188 HORA'I'I
1139 142 1556 190 CARMINVM

491 298 712 357 Serves
739 299 961 356 iturum
998 300 1320 359 Caesarem
1357 302 1416 357 in
1449 300 1698 360 ultimos

489 378 670 437 Orbis
700 379 1046 451 Britannos,
1080 386 1143 438 et
1174 381 1469 455 juvenum
1504 399 1712 440 reeens
2037 382 2111 438 30

569 460 843 517 Examen
886 460 1036 517 Eois
1077 460 1414 518 timendum

649 540 934 597 Partibus
978 539 1339 616 Oceanoque
1383 542 1580 600 rubro,

486 619 668 697 Eheu*
692 621 1034 678 cicatricum
1062 632 1126 678 et
1156 621 1400 679 sceleris
1429 623 1619 698 pudet

489 699 904 778 Fratrumque.
995 701 1156 774 Quid
1187 720 1300 758 nos
1330 703 1481 759 dura
1509 705 1843 779 refugimus

571 782 810 840 Aetas?
855 782 998 857 quid
1043 782 1341 839 intactum
1384 784 1608 840 nefasti
2038 782 2114 836 35

650 861 1013 937 Liquimus?
1059 863 1217 920 unde
1247 881 1495 919 manum
1529 865 1823 937 juventus

490 941 665 999 Metu
696 943 943 999 deorum
974 941 1320 1000 continuit?
1366 944 1585 1018 quibus

493 1021 776 1096 Pepercit
805 1020 970 1079 aris?
1058 1020 1110 1079 O
1144 1023 1378 1080 utinam
1409 1041 1571 1081 nova

574 1102 800 1160 Incude
844 1101 1122 1177 diffingas
1167 1111 1441 1160 retusum
1483 1104 1547 1160 in

650 1181 1039 1258 Massagetas
1071 1183 1439 1258 Arabasque
1470 1181 1729 1242 ferrum!
2036 1181 2117 1236 40

493 1369 498 1374 ’
959 1345 1341 1510 [ᾀΧΧνι

491 1517 575 1576 Et
615 1523 748 1575 ture
790 1523 851 1574 et
892 1517 1110 1575 fidibus
1143 1520 1323 1592 juvat
1801 1414 1977 1583 ᾧ

462 1624 469 1639 =
573 1597 823 1655 Placare
853 1602 916 1654 et
947 1598 1123 1654 vituli
1155 1599 1456 1673 sanguine
1486 1599 1688 1657 debito

491 1677 793 1738 Custodes
837 1677 1140 1735 Numidae
1184 1679 1348 1748 deOS,

572 1758 693 1832 Qui
721 1776 878 1815 nunc
911 1757 1218 1834 Hesperia
1247 1775 1461 1834 sospes
1490 1758 1568 1816 ab
1596 1758 1812 1819 ultima

492 1837 668 1898 Caris
709 1838 903 1895 multa
947 1839 1278 1908 sodalibus,
2074 1834 2115 1892 5

572 1917 740 1976 Nulli
768 1918 943 1994 plura
972 1924 1179 1976 tamen
1210 1918 1432 1977 dividit
1460 1919 1668 1980 oscula

491 2000 690 2072 Quam
736 1999 898 2056 dulci
943 1998 1214 2069 Lamiae,
1259 2016 1489 2056 memor

572 2080 767 2138 Actae
811 2097 931 2136 non
975 2080 1093 2137 alio
1136 2097 1280 2154 rege
1319 2080 1591 2155 puertiae

490 2158 696 2217 Mutat
815 2178 888 2216 ue
934 2160 1117 2216 simul
1160 2166 1359 2234 togae.

574 2178 898 2325 Cre-sffne
931 2245 1135 2297 careat
1166 2239 1419 2315 pulchra
1448 2239 1576 2297 dies
1606 2246 1769 2310 nota,
2038 2235 2111 2292 10

491 2319 627 2377 Neu
657 2326 973 2395 promptae
1005 2320 1226 2377 modus
1258 2319 1598 2394 amphorae,

572 2399 711 2457 Neu
740 2418 968 2458 morem
999 2400 1062 2456 in
1099 2400 1334 2458 Salium
1369 2401 1452 2457 sit
1481 2400 1718 2475 requies
1744 2401 1987 2475 pedum,

494 2478 635 2537 Neu
676 2480 851 2537 multi
894 2480 1177 2538 Darnalis
1220 2480 1368 2537 meri

570 2559 833 2616 Bassum
864 2560 1146 2618 Threicia
1173 2561 1387 2619 vincat
1416 2561 1737 2636 amystide,

488 2639 633 2698 Neu
672 2640 874 2698 desint
917 2641 1115 2715 epulis
1159 2658 1353 2712 rosae,
2039 2636 2108 2692 15

571 2719 708 2777 Neu
737 2721 922 2778 vivax
955 2722 1177 2796 apium,
1212 2739 1329 2778 neu
1358 2720 1540 2778 breve
1570 2720 1779 2779 lilium.

493 2798 722 2858 Omnes
764 2801 826 2857 in
869 2801 1155 2858 Damalin
1198 2810 1404 2877 putres

569 2880 894 2954 Deponent
925 2881 1148 2950 oculos,
1181 2899 1292 2938 nec
1323 2879 1599 2939 Damalis
1629 2898 1789 2939 novo

493 2959 831 3018 Divelletur
874 2960 1164 3031 adulterO,

572 3039 850 3097 Lascivis
894 3040 1132 3097 hederis
1177 3040 1570 3102 ambitiosior.
2039 3037 2114 3092 20

331 3210 390 3255 83
408 3209 506 3258 heu
526 3209 623 3255 heu
713 3209 772 3257 86
794 3222 966 3254 manus
1058 3209 1114 3253 39
1137 3209 1353 3266 defingas
1446 3209 1504 3254 39
1526 3213 1789 3266 rotumum,
1811 3223 2027 3257 recusum

680 3270 700 3311 1
728 3268 867 3337 tum-e
1292 3270 1365 3323 11,
1389 3268 1461 3323 12,
1486 3269 1542 3313 13
1563 3282 1650 3313 neo
