2367 3784
907 154 1054 201 Lis.
1103 154 1220 202 111.
1272 139 1454 201 8-10

387 315 642 373 ‘Donec
672 331 793 371 non
826 303 949 371 alia
978 314 1178 389 magis

469 394 718 464 Arsisti,
752 411 949 485 neque
983 402 1114 451 erat
1145 394 1348 469 Lydia
1376 399 1517 470 post
1548 394 1795 466 Chloen,

384 475 577 534 Multi
610 467 814 569 Lydia
845 475 1113 530 nominis

470 548 754 613 Romana
791 554 961 628 vigui
996 555 1217 612 clarior
1239 554 1395 612 Ilia)

386 634 494 694 Me
524 654 681 694 nunc
713 636 983 692 Thressa
1021 634 1213 693 Chloe
1241 636 1418 710 regit,

471 716 694 775 Dulces
724 717 905 773 docta
937 715 1153 773 modos
1184 722 1248 772 et
1275 715 1542 773 citharae
1572 716 1788 788 scienS,

387 796 515 854 Pro
545 816 663 873 qua
693 815 815 854 non
849 802 1122 854 metuam
1154 796 1324 866 mori,

475 877 539 936 Si
568 883 816 953 parcent
850 878 1086 934 animae
1118 877 1246 934 fata
1277 876 1606 952 superstiti.

349 962 366 988 ⁴
389 956 498 1016 Me
528 964 718 1015 torret
750 958 877 1016 face
914 963 1128 1014 mutua

474 1038 731 1096 Thurini
767 1038 978 1096 Calais
1011 1037 1167 1094 filius
1203 1035 1443 1112 Ornyti,

392 1118 517 1202 Pro
546 1137 665 1194 quo
693 1118 789 1176 bis
823 1119 1026 1193 patiar
1055 1117 1223 1187 mori,

478 1198 544 1257 Si
570 1206 819 1275 parcent
850 1217 1038 1274 puero
1071 1198 1198 1255 fata
1229 1197 1558 1273 superstiti.
1567 1199 1583 1230 ²

378 1279 561 1353 'Quid
591 1279 640 1336 si
669 1281 872 1356 prisca
903 1280 1062 1337 redit
1092 1279 1308 1336 Venus

478 1359 897 1436 Diductosque
922 1362 1075 1435 jugo
1106 1358 1273 1434 cogit
1304 1355 1533 1415 aeneo?

395 1438 465 1499 Si
495 1439 654 1497 flava
681 1441 989 1498 excutitur
1022 1439 1227 1509 Chloe,

477 1521 878 1596 Rejectaeque
910 1528 1081 1595 patet
1099 1522 1292 1593 janua
1322 1514 1609 1594 Lydiae?

353 1605 369 1631 ⁸
397 1600 783 1676 Quamquam
818 1601 1014 1658 sidere
1046 1599 1352 1676 pulchrior

479 1680 591 1738 Ille
620 1688 731 1752 est,
764 1687 833 1739 tu
863 1659 1059 1738 levior
1085 1682 1306 1738 cortice
1335 1686 1398 1737 et
1426 1679 1700 1754 improbo

395 1761 756 1820 Iracundior
787 1760 1046 1830 Hadria,

480 1840 704 1899 Tecum
734 1842 939 1898 vivere
972 1859 1190 1912 amem,
1223 1845 1423 1898 tecum
1454 1839 1667 1896 obeam
1696 1839 1933 1896 libens)

1138 2037 1219 2094 X.
1639 2004 1800 2117 31¹2

523 2163 880 2221 Extremum
914 2160 1150 2218 Tanain
1183 2160 1234 2216 si
1265 2160 1519 2228 bibereS‚
1555 2157 1739 2234 Lyce,

527 2242 723 2303 Saevo
753 2248 944 2317 nupta
975 2241 1124 2310 viro,
1158 2257 1254 2296 me
1285 2245 1489 2297 tamen
1522 2256 1769 2314 asperas

526 2322 875 2380 Porrectum
908 2325 1048 2377 ante
1081 2320 1242 2377 fores
1274 2320 1526 2393 objicere
1557 2319 1769 2377 incolis

681 2402 966 2460 Plorares
1000 2400 1433 2476 Aquilonibus

523 2482 722 2542 Audis
750 2500 867 2557 quo
900 2482 1162 2555 strepitu
1186 2482 1395 2555 janua,
1429 2499 1548 2556 quo
1577 2497 1791 2538 nemus

522 2562 692 2632 Inter
722 2563 975 2638 pulchra
1008 2566 1213 2618 satum
1246 2567 1408 2618 tecta
1439 2562 1743 2636 remugiat

521 2642 761 2712 VentiS,
792 2642 1117 2719 etpositas
1153 2648 1223 2698 ut
1250 2642 1474 2718 glaciet
1503 2643 1676 2699 nives

686 2724 849 2781 Puro
881 2723 1129 2780 numine
1166 2722 1208 2780 J
1217 2720 1497 2798 uppiter?

522 2804 839 2878 Ingratam
870 2804 1098 2862 Veneri
1134 2822 1290 2880 pone
1322 2802 1684 2878 superbiam,

524 2882 620 2942 Ne
650 2891 925 2942 currente
958 2891 1117 2957 retro
1153 2886 1315 2942 funis
1344 2891 1445 2942 eat
1471 2890 1621 2943 rota.

524 2963 666 3022 Non
694 2973 752 3023 te
787 2966 1134 3044 Penelopen
1168 2967 1476 3025 difficilem·
1493 2965 1693 3041 procis

685 3046 1042 3122 'lyrrhenus
1077 3050 1290 3125 genuit
1319 3065 1556 3124 parens.

527 3125 580 3184 Ο
611 3132 788 3203 quam
800 3131 892 3186 vis
922 3149 1114 3221 neque
1139 3135 1199 3187 te
1232 3147 1482 3186 munera
1510 3146 1620 3186 nec
1646 3143 1854 3203 preces

527 3207 657 3265 Nec
684 3210 916 3267 tinctus
949 3204 1110 3267 viola
1136 3210 1329 3286 pallor
1358 3209 1694 3266 amantium

502 3376 528 3417 5
550 3375 695 3420 aliam
820 3376 877 3419 18
900 3375 1128 3420 deductos
1252 3375 1304 3417 21
1331 3373 1552 3432 quamvis
1676 3372 1704 3414 6
1727 3371 1870 3413 situm

2029 139 2108 204 75

2044 714 2118 770 10

2046 1114 2117 1168 15

2044 1515 2118 1570 20

2052 2877 2126 2934 10
