2367 3784
261 160 341 222 34
810 171 1098 217 HoRArt
1148 170 1564 219 CARMINVM

497 331 689 404 Quale
720 336 1068 404 portentum
1098 347 1293 404 neque
1323 330 1606 388 militaris

500 411 772 475 Daunias
804 410 944 467 latis
974 410 1085 467 alit
1115 410 1451 481 aesculetffi,

497 491 626 549 Nec
656 492 856 549 Jubae
891 490 1072 547 tellus
1103 497 1373 567 generat,
1407 491 1647 550 leonum
2010 492 2076 547 15

737 572 931 629 Arida
974 573 1195 629 nutrix.

499 654 665 711 Pone
696 671 792 710 me
824 652 1016 727 pigris
1050 653 1151 709 ubi
1181 632 1359 708 nulla'
1378 652 1611 728 campis

497 734 698 790 Arbor
727 730 965 819 aestiva
996 739 1303 790 recreatur
1333 733 1496 803 aura,

500 815 677 888 Quod
706 815 868 872 latus
901 814 1112 870 mundi
1144 813 1396 869 nebulae
1428 812 1772 888 malusque,

733 895 775 953 J
782 895 1021 970 uppiter
1063 900 1256 968 urget,
2006 886 2082 947 20

499 975 667 1032 Pone
699 975 811 1031 sub
841 993 1015 1032 curru
1047 975 1299 1031 nimium
1330 973 1676 1049 propinqui:

500 1053 676 1124 Solis,
708 1056 768 1111 in
801 1062 960 1111 terra
988 1054 1268 1112 domibus
1300 1062 1556 1127 negata:

494 1134 685 1192 Dulce
715 1134 1011 1192 ridentem
1043 1134 1318 1209 Lalagen
1350 1133 1586 1202 amab0,

736 1213 926 1272 Dulce
971 1215 1332 1290 loquentem.

1065 1394 1321 1452 XXIII.
1537 1326 1683 1458 4

120 1558 137 1585 s
170 1538 225 1597 ss
250 1556 263 1569 ⁴
294 1512 357 1595 „5‘3
496 1516 683 1574 Vitas
714 1516 1000 1574 hinnuleo
1031 1535 1126 1574 me
1158 1517 1395 1585 similia,
1431 1517 1636 1586 Chloe,

498 1596 824 1669 Quaerenti
854 1598 1143 1672 pavidam
1176 1598 1490 1655 montibus
1521 1597 1688 1655 aviis'

658 1676 937 1744 Matrem,
972 1695 1090 1733 non
1124 1679 1254 1733 sine
1287 1695 1444 1735 vano

738 1758 1045 1814 Aurarurn
1074 1764 1136 1814 et
1165 1758 1357 1814 siluae
1387 1765 1588 1816 metu:

496 1835 660 1893 Nam
691 1855 797 1894 seu
828 1838 1152 1894 mobilibus
1185 1837 1345 1895 veris
1374 1837 1674 1895 inhorruit
2046 1843 2081 1898 5

496 1916 823 1974 Adventus
854 1918 1032 1987 foliis,
1067 1935 1173 1975 seu
1205 1918 1431 1975 virides
1459 1918 1678 1974 rubum

658 1995 983 2055 Dimovere
1028 1999 1309 2068 lacertae,

739 2078 822 2135 Et
850 2079 1027 2135 corde
1057 2086 1118 2135 et
1148 2078 1404 2153 genibus
1435 2079 1655 2136 tremit.

497 2156 691 2233 Atqui
719 2176 842 2215 non
869 2178 985 2233 ego
1014 2166 1091 2225 te,
1124 2159 1303 2233 tigris
1333 2165 1400 2215 ut
1431 2176 1645 2235 aspera

497 2236 869 2295 Gaetulusve
901 2240 1012 2308 le0,
1043 2240 1319 2314 frangere
1351 2256 1706 2315 persequor:
2010 2242 2080 2300 10

658 2316 930 2375 Tandem
974 2319 1180 2375 desine
1225 2326 1481 2376 matrem

740 2397 1132 2474 Tempestiva
1175 2399 1344 2474 sequi
1392 2400 1538 2456 viro.

1065 2570 1313 2629 XXIV.
1955 2557 2116 2683 ff

499 2693 655 2767 Quis
686 2694 989 2751 desiderio
1018 2695 1099 2752 sit
1127 2695 1322 2771 pudor
1353 2703 1460 2752 aut
1489 2696 1707 2752 modus

498 2772 652 2830 Tam
683 2775 803 2830 cari
832 2773 1092 2849 capitis?
1179 2775 1472 2848 Praecipe
1503 2775 1791 2849 lugubres

503 2853 756 2923 CantuS,
790 2853 1187 2929 Melpomene,
1223 2856 1319 2911 cui
1351 2855 1644 2929 liquidam
1674 2861 1849 2931 pater

661 2933 890 2990 Vocem
922 2953 1057 2991 cum
1089 2935 1323 2992 cithara
1352 2935 1536 2992 dedit.

498 3013 664 3088 Ergo
698 3016 1059 3087 Quintilium
1090 3025 1418 3092 perpetuus
1449 3033 1630 3090 sopor
2047 3018 2084 3076 5

499 3094 729 3169 Urget!
775 3097 866 3152 cui
902 3099 1124 3169 Pudor,
1158 3108 1220 3154 et
1251 3098 1290 3155 J
1299 3098 1543 3154 ustitiae
1574 3113 1758 3166 soror,

498 3175 860 3251 Incorrupta
892 3178 1092 3248 Fides,
1128 3179 1410 3253 nudaque
1444 3177 1690 3234 Veritas

661 3258 919 3332 Quando
951 3259 1142 3315 ullum
1172 3260 1444 3315 inveniet
1473 3254 1726 3335 parem?

324 3416 362 3462 ὁ.
389 3415 415 3456 6
439 3415 599 3474 vepris
623 3414 868 3458 inhorruit
893 3415 953 3457 ad
977 3416 1173 3457 ventum
1200 3429 1222 3455 ο
1245 3414 1508 3455 coniectura
1590 3417 1630 3468 5,
1655 3412 1711 3457 12
1736 3411 2048 3464 Quinctilium
