2367 3784
235 96 355 155 152
771 109 1058 156 nonam
1109 111 1549 157 SATIRARVM

231 267 574 326 Pantolabo
605 285 844 325 scurrae
874 267 1381 344 Nomentanoque
1412 270 1651 345 nepoti:

232 347 402 404 Mille
432 350 618 423 pedes
646 349 709 405 in
738 349 952 420 fronte,
985 355 1289 406 trecentos
1319 351 1533 424 cippus
1565 350 1628 405 in
1658 367 1873 423 agrum

231 428 353 485 Hic
384 428 588 499 dabat,
626 428 912 486 ‘heredes
942 436 1401 487 monumentum
1433 448 1506 486 ne
1537 430 1927 505 sequeretur.'

230 507 409 565 Nunc
439 508 579 566 licet
609 508 904 585 Esquiliis
935 509 1210 567 habitare
1277 510 1584 566 alubribus
1614 517 1792 585 atque

230 589 479 664 Aggere
511 590 572 646 in
603 593 804 665 aprico
834 590 1101 665 spatiari,
1135 528 1465 727 quolmodo
1496 591 1702 647 tristes
2015 593 2094 649 15

231 670 411 726 Albis
442 669 758 727 informem
790 671 1146 746 spectabant
1177 688 1245 727 os
1285 671 1418 726 ibus
1449 688 1699 743 agrum3

232 749 388 807 Cum
417 750 569 806 mihi
598 768 721 807 non
752 755 992 807 tantum
1023 751 1306 824 furesque
1337 751 1630 825 feraeque,
1663 756 1870 807 suetae

230 829 414 887 Hunc
446 847 664 887 vexare
698 830 911 902 locum,
945 837 1122 888 cur'ae
1155 838 1299 887 sunt
1329 836 1509 906 atque
1540 830 1744 899 labori,

231 911 545 983 Quantum
574 911 942 968 carminibus
971 929 1124 986 quae
1156 916 1405 967 versant
1437 917 1615 985 atque
1645 910 1900 968 venenis

232 990 553 1047 Humanos
584 990 835 1049 animos.
922 990 1058 1048 Has
1088 991 1254 1047 nullo
1285 991 1529 1066 perdere
1558 1008 1808 1065 possum
2010 994 2086 1047 20

230 1069 358 1127 Nec
385 1070 699 1147 prohibere
731 1072 928 1142 mod0‚
962 1071 1143 1128 simul
1172 1089 1242 1128 ac
1271 1089 1431 1145 vaga
1462 1070 1606 1127 luna
1635 1070 1917 1127 decorum

230 1150 493 1207 Protulit
523 1169 606 1221 os,
640 1152 785 1226 quin
816 1169 957 1209 ossa
986 1151 1197 1226 legant
1226 1151 1565 1225 herbasque
1596 1155 1898 1208 nocentes,

229 1230 374 1287 Vidi
402 1237 644 1305 egomet
673 1232 849 1306 nigra
877 1233 1247 1290 succinctam
1279 1232 1494 1288 vadere
1524 1231 1686 1306 palla

231 1311 546 1368 Canidiam
578 1312 830 1386 pedibus
861 1313 1044 1369 nudis
1076 1330 1377 1387 passoque
1409 1312 1643 1386 capiIIO,

231 1391 384 1448 Cum
420 1391 666 1466 Sagana
697 1393 916 1465 majore
947 1392 1298 1450 ululantem.
1387 1391 1593 1449 Pallor
1621 1397 1905 1466 utrasque
2006 1392 2080 1448 25

229 1471 483 1528 Fecerat
513 1472 842 1529 horrendas
873 1479 1135 1548 aspectu.
1225 1471 1503 1547 Scalpere
1533 1478 1756 1529 terram

231 1551 555 1626 Unguibus
585 1559 647 1610 et
674 1553 902 1628 pullam
932 1553 1218 1610 divellere
1247 1553 1549 1609 mordicus
1581 1570 1805 1626 agnam

231 1631 614 1705 Coeperunt3
658 1650 833 1690 cruor
861 1633 925 1690 in
955 1634 1183 1690 fossam
1214 1633 1520 1702 confusuS,
1553 1640 1622 1689 ut
1652 1632 1790 1688 inde

230 1710 445 1768 Manes
475 1712 774 1783 elicerent,
807 1713 1045 1771 animas
1075 1730 1364 1788 responsa
1394 1714 1660 1770 daturas,

233 1791 440 1849 Lanea
467 1798 529 1849 et
560 1792 786 1867 effigies
816 1800 964 1862 erat,
998 1794 1190 1851 altera
1219 1811 1424 1850 cerea:
1469 1794 1659 1866 major
1999 1792 2077 1848 30

233 1871 455 1943 Lanea,
489 1890 642 1947 quae
671 1874 882 1949 poenis
913 1882 1319 1950 compesceret
1349 1873 1724 1946 inferiorem3

232 1951 425 2010 Cerea
454 1952 803 2029 suppliciter
831 1955 1051 2024 stabat,
1085 1954 1424 2023 servilibus
1457 1959 1527 2010 ut
1553 1970 1706 2028 quae

228 2032 271 2089 J
277 2050 375 2088 am
401 2033 684 2106 peritura,
715 2034 929 2091 modis,
1020 2034 1298 2091 Hecaten
1327 2040 1507 2091 vocat
1538 2034 1743 2101 altera,
1777 2049 2027 2089 saevam

230 2112 447 2169 Altera
476 2113 849 2188 Tisiphonen
874 2135 888 2188 3
933 2122 1247 2189 serpentes
1278 2121 1458 2188 atque
1490 2113 1725 2171 videres

229 2193 509 2250 Infernas
537 2210 733 2250 errare
762 2212 960 2266 canes,
997 2195 1351 2269 Lunamque
1382 2194 1712 2260 rubentem,
2007 2181 2087 2236 35

231 2273 324 2330 Ne
354 2274 509 2330 foret
538 2273 635 2330 his
664 2275 859 2344 testiS,
889 2281 1031 2351 post
1063 2293 1289 2349 magna
1317 2275 1503 2330 latere
1535 2271 1867 2348 sepulchra.

230 2353 498 2410 Mentior
527 2360 592 2411 at
621 2354 672 2410 si
701 2355 865 2430 quid,
897 2356 1122 2412 merdis
1151 2361 1333 2429 caput
1362 2354 1640 2430 inquiner
1670 2353 1822 2409 albis

155 2446 159 2451 ’
233 2434 587 2503 Corvornm,
620 2440 801 2509 atque
827 2436 893 2491 in
921 2453 1017 2492 me
1049 2437 1256 2492 veniat
1284 2434 1534 2491 mictum
1563 2439 1743 2508 atque
1773 2438 2051 2489 cacatum

230 2513 436 2570 Julius
465 2521 527 2569 et
557 2514 790 2588 fragilis
822 2514 1102 2572 Pediatia
1130 2516 1341 2591 furque
1376 2514 1675 2571 Vorauus,

233 2593 490 2668 Singula
513 2594 658 2669 quid
682 2613 1008 2652 memorem
1029 2593 1054 2652 ἲ
1086 2613 1207 2670 quo
1225 2601 1401 2672 pacto
1422 2594 1654 2651 alterna
1671 2593 1990 2667 loquentes
2011 2600 2090 2653 40

233 2673 499 2731 Umbrae
531 2692 666 2732 cum
700 2674 947 2751 Sagana
975 2681 1331 2733 resonarent
1359 2675 1531 2732 triste
1560 2679 1624 2730 et
1652 2682 1916 2742 acutum,

233 2754 436 2829 thue
468 2755 592 2830 lupi
622 2755 871 2813 barbam
905 2756 1107 2813 variae
1138 2773 1276 2812 cum
1304 2756 1485 2812 dente
1515 2753 1793 2812 colubrae

233 2834 600 2891 Abdiderint
629 2835 840 2894 furtim
868 2837 1063 2905 terris,
1096 2841 1159 2893 et
1187 2835 1456 2910 imagine
1489 2852 1660 2892 cerea

232 2913 491 2988 Largior
522 2917 736 2972 arserit
766 2915 944 2991 ignis,
977 2921 1039 2973 et
1068 2921 1137 2972 ut
1168 2934 1288 2988 non
1319 2915 1498 2972 testis
1528 2914 1760 2970 inultus

209 2994 589 3051 ‘Horrucrim
621 3014 801 3053 voces
834 2996 1157 3053 Furiarum
1187 3004 1251 3054 et
1280 2997 1442 3053 facta
1469 2995 1724 3052 duarum
1745 3015 1788 3063 z,
2017 2998 2094 3051 45

230 3073 410 3144 Nam,
446 3075 712 3150 displosa
744 3083 922 3133 sonat
951 3082 1248 3151 quantum
1282 3076 1504 3144 vesica,
1535 3074 1751 3150 pepedi

234 3153 481 3210 Diffissa
509 3161 652 3212 nate
684 3155 862 3212 ficus:
908 3162 973 3213 at
1002 3156 1138 3212 illae
1170 3174 1404 3213 currere
1435 3157 1498 3212 in
1527 3156 1773 3227 urbem3

474 3301 529 3342 18
553 3302 652 3343 sint
775 3301 830 3343 19
852 3305 1034 3345 vexant
1155 3303 1212 3345 38
1235 3303 1433 3345 veniant
1553 3302 1610 3345 38
1632 3302 1862 3344 minctum

874 3362 928 3403 41
956 3362 1227 3404 resonarint
1250 3361 1308 3404 B.
1333 3362 1452 3404 coni.
