2367 3784
314 126 397 187 30

612 137 641 169 ⁰
870 141 1159 188 HOBATI
1213 142 1624 191 CARMINVM

1159 358 1341 416 XVI.

554 480 607 540 Ο
638 488 829 540 matre
858 481 1114 557 pulchra
1144 481 1267 539 filia
1294 482 1616 557 pulchrior,
1883 391 2132 553 ff

554 561 751 635 Quem
780 562 1122 619 criminosis
1153 581 1406 637 cumque
1440 562 1608 620 voles
1637 565 1888 623 modum

636 641 834 699 Pones
865 643 1103 712 iambiS,
1137 643 1267 698 sive
1300 643 1545 699 flamma

715 722 855 780 Sive
888 722 1038 778 mari
1068 722 1216 780 libet
1249 722 1581 781 Hadriano,

551 800 612 860 N
617 820 694 860 on
723 803 1122 878 Dindymene,
1156 820 1277 860 non
1309 803 1510 878 adytis
1540 804 1740 878 quatit
2138 811 2178 868 5

549 882 823 940 Mentem
854 884 1236 940 sacerdotum
1266 883 1466 940 incola
1495 882 1781 958 Pythius,

629 961 769 1020 Non
799 961 982 1020 Liber
1010 981 1217 1039 aeque,
1249 981 1371 1021 non
1402 969 1580 1021 acuta

709 1043 806 1101 Sic
837 1044 1150 1118 geminant
1184 1043 1568 1118 Corybantes
1598 1061 1755 1119 aera,

549 1123 783 1181 Tristes
813 1133 882 1181 ut
910 1125 1051 1193 irae,
1086 1142 1242 1198 quas
1274 1142 1467 1200 neque
1497 1123 1762 1183 Noricus

549 1202 829 1262 Deterret
858 1205 1022 1261 ensis
1056 1223 1164 1261 nec
1197 1223 1361 1262 mare
1393 1205 1775 1279 naufragum,
2096 1209 2172 1266 10

629 1283 758 1341 Nec
789 1302 1011 1341 saevus
1041 1285 1207 1359 ignis
1238 1303 1346 1342 nec
1376 1286 1690 1342 tremendo

706 1365 995 1440 «Iuppiter
1027 1366 1156 1440 ipse
1190 1382 1369 1423 ruens
1397 1367 1681 1423 tumultu.

549 1445 769 1502 Fertur
799 1445 1226 1515 PrometheuS,
1260 1446 1478 1503 addere
1504 1443 1767 1521 principi

546 1525 726 1581 Limo
756 1531 1000 1583 coactus
1031 1525 1394 1602 particulam
1424 1526 1685 1602 undique

628 1604 971 1677 Desectam,
1018 1615 1081 1663 et
1122 1605 1323 1663 insani
1363 1607 1556 1664 leonis
2094 1609 2168 1666 15

706 1685 854 1743 Vim
884 1686 1200 1743 stomacho
1231 1686 1583 1762 apposuisse
1611 1691 1838 1745 nostro,

547 1765 683 1844 Irae
730 1765 1041 1842 Thyesten
1085 1767 1270 1824 exitio
1312 1767 1486 1842 gravi

546 1844 844 1917 Stravere,
877 1853 938 1904 et
969 1847 1110 1904 altis
1141 1848 1393 1905 urbibus
1423 1847 1673 1904 ultimae

627 1924 858 1984 Stetere
888 1945 1108 1984 causae
1140 1945 1246 1985 cur
1273 1927 1540 2003 perirent

705 2006 1011 2065 Funditus
1042 2007 1534 2083 imprimeretque
1564 2008 1757 2064 muris
2096 2011 2170 2067 20

546 2084 790 2144 Hostile
823 2094 1089 2145 aratrum
1122 2088 1423 2145 exercitus
1452 2087 1734 2145 insolens

545 2164 873 2244 Compesce
903 2175 1205 2225 mentem:
1251 2187 1344 2225 me
1376 2185 1614 2243 quoque
1643 2167 1903 2243 pectoris

626 2246 979 2323 Temptavit
1008 2248 1072 2305 in
1100 2248 1261 2305 dulci
1281 2250 1538 2322 juventa

703 2327 947 2399 Fervor,
980 2335 1043 2386 et
1072 2329 1134 2385 in
1166 2327 1389 2386 celeres
1416 2329 1652 2386 iambos

543 2408 717 2469 Misit
747 2409 1047 2466 furentem
1073 2429 1087 2483 3
1132 2426 1294 2465 nunc
1324 2427 1436 2483 ego
1467 2408 1721 2467 mitibus
2097 2410 2174 2469 25

545 2488 790 2547 Mutare
820 2507 1044 2564 quaero
1074 2488 1295 2559 tristia,
1328 2489 1472 2546 dum
1499 2487 1650 2546 mihi

625 2568 773 2626 Fias
815 2568 1145 2626 recantatis
1187 2569 1383 2626 amica

703 2647 1056 2724 Opprobriis
1084 2648 1476 2724 animumque
1504 2648 1744 2707 reddas·

2053 2794 2120 2831 4..

1121 2867 1342 2929 XVII.
1873 2826 2134 2961 ξύμ

542 2989 743 3048 Velox
772 3008 1088 3048 amoenum
1120 3009 1301 3066 saepe
1334 2989 1701 3047 Lucretilem

546 3069 755 3127 Mutat
783 3070 1027 3146 Lycaeo
1058 3070 1331 3139 FaunuS,
1362 3076 1424 3127 et
1453 3070 1700 3144 igneam

625 3149 914 3208 Defendit
943 3156 1242 3208 aestatem
1272 3149 1521 3224 capellis

703 3221 914 3306 Usqu‘e
944 3231 1095 3288 meis
1124 3230 1487 3306 pluviosque
1516 3234 1752 3288 ventos

427 3383 455 3425 8
478 3381 720 3426 flammam
874 3384 900 3425 5
924 3382 1060 3438 adyti
1082 3396 1107 3425 e
1128 3382 1395 3426 conicum
1533 3383 1560 3427 8
1583 3382 1625 3426 εἰ
1760 3382 1816 3426 23
1839 3381 2050 3427 tentavit
