2367 3784
1099 119 1180 182 17
1934 126 2055 187 129

352 295 665 369 Quantum
696 311 888 369 neque
919 298 1054 351 atro
1085 293 1395 352 delibutus
1426 295 1726 354 Hercules

245 384 253 393 '
351 374 533 432 Nessi
564 391 792 442 cruore,
826 392 935 431 nec
967 372 1189 432 Sicana
1219 375 1452 433 fervida

350 454 575 512 Virens
608 456 668 511 in
702 455 908 512 Aetna·
940 453 1220 528 flamma;
1263 462 1347 525 tu,
1380 456 1570 514 donec
1599 457 1751 516 cinis

349 533 671 610 Injuriosis
703 535 908 592 aridus
943 535 1144 592 ventis
1176 536 1350 606 ferar,

350 615 533 674 Cales
564 616 817 674 venenis
849 598 1089 672 officina
1121 615 1438 675 Colchicis,
1981 619 2057 676 35

349 697 439 771 (ξε
449 716 520 755 ae
549 697 687 754 finis
718 702 824 753 aut
857 688 1018 771 quod
1053 714 1148 753 me
1181 703 1385 754 manet
1416 697 1836 774 stipendium?

347 776 588 851 Effare3
621 780 844 852 jussas.
865 793 999 833 cum
1037 777 1149 834 fide
1181 794 1408 851 poenas
1438 779 1618 848 luam,

347 856 616 916 Paratus
644 858 905 933 expiare,
940 874 1047 914 seu
1076 858 1425 932 poposceris

347 936 612 996 Centum
635 940 950 1013 juvencos
986 937 1113 994 sive
1145 937 1419 996 mendaci
1449 939 1586 1014 lyra

244 1032 249 1039 ·
345 1018 542 1076 Voles
570 1018 794 1089 sonari,
830 1024 863 1048 “
890 1014 984 1075 Tu
1014 1018 1253 1093 pudica,
1286 1024 1353 1075 tu
1382 1018 1571 1095 proba
1984 1017 2061 1073 40

347 1097 814 1156 Pel-ambulabis
845 1105 1012 1155 astra
1044 1098 1217 1155 sidus
1247 1100 1554 1156 aureum.'’

348 1178 607 1236 Infamis
639 1178 911 1236 Helenae
949 1178 1169 1236 Castor
1200 1179 1460 1236 offensus
1491 1180 1638 1249 vice,

348 1258 685 1335 Fraterque
717 1259 924 1334 magni
966 1257 1263 1329 Castoris,
1298 1260 1439 1316 victi
1466 1277 1643 1335 prece

350 1339 664 1416 Adempta
696 1341 823 1397 vati
853 1338 1170 1398 reddidere
1203 1339 1469 1397 lumina:

350 1419 433 1478 Et
459 1428 548 1490 tu,
578 1426 754 1496 potes
786 1439 942 1487 narn,
979 1420 1147 1476 solve
1177 1438 1273 1476 me
1304 1420 1627 1489 dementia,
1989 1415 2062 1472 45

354 1500 405 1558 Ο
438 1520 547 1559 1166
576 1502 847 1577 paternis
877 1500 1157 1558 obsoleta
1187 1500 1484 1569 sordibuS,

354 1580 568 1657 Neque
599 1582 661 1638 iu
692 1580 1032 1656 sepulchris
1063 1599 1395 1657 pauperum
1427 1581 1689 1656 prudens
1719 1600 1872 1640 anus

354 1660 765 1719 Novendiales
795 1661 1097 1736 dissipare
1130 1660 1230 1737 pul
1243 1679 1427 1717 ireres,

357 1741 488 1799 Tibi
521 1741 824 1816 hospitale
856 1748 1072 1816 pectus
1104 1747 1166 1798 et
1196 1757 1381 1816 purae
1412 1758 1646 1810 manuS,

358 1821 640 1898 Tuusque
671 1829 882 1879 venter
913 1821 1332 1891 Pactumeius
1364 1827 1426 1877 et
1456 1826 1563 1878 tuo
1989 1815 2064 1871 50

361 1902 583 1961 Cruore
611 1902 827 1959 rubros
856 1902 1155 1959 obstetrix
1183 1918 1421 1976 pannos
1452 1900 1618 1971 lavit,

359 1981 699 2058 Utcumque
730 1982 904 2040 fortis
934 1981 1146 2038 exsilis
1178 1999 1488 2056 puerpera.

313 2141 521 2215 “Quid
550 2142 851 2200 obseratis
882 2142 1132 2199 auribus
1164 2141 1370 2198 fundis
1400 2140 1654 2218 preces?

361 2221 498 2278 Non
527 2239 676 2279 saxa
704 2223 883 2279 nudis
917 2222 1199 2279 surdiora
1229 2222 1458 2279 navitis

359 2300 680 2377 Neptunus
711 2302 833 2359 alto
863 2302 1071 2360 tundit
1101 2301 1391 2359 hibernus
1423 2303 1568 2360 salo.
1992 2293 2066 2349 55

360 2381 599 2439 Inultus
627 2387 698 2440 ut
727 2388 793 2438 tu
822 2382 1031 2440 riseris
1064 2381 1345 2455 Cotyttia

360 2460 643 2536 Volgata,
676 2478 913 2520 sacrum
948 2462 1118 2519 liberi
1155 2462 1489 2538 Cupidinis,

362 2542 443 2599 Et
470 2542 772 2618 Esquilini
803 2543 1078 2618 pontifex
1113 2542 1357 2599 venefici

361 2623 614 2697 Impune
645 2630 713 2679 ut
743 2622 950 2679 urbem
987 2623 1231 2679 nomine
1263 2622 1530 2698 impleris
1561 2620 1741 2679 meo?

364 2703 518 2776 Quid
548 2704 831 2778 proderat
864 2704 1093 2761 ditasse
1132 2703 1422 2777 Pelignas
1457 2718 1627 2770 anus,
1997 2692 2072 2748 60

363 2783 724 2841 Velociusve
755 2785 1074 2841 miscuisse
1112 2781 1425 2840 toxicum?

366 2862 480 2922 Sed
509 2865 782 2923 tardiora
813 2865 939 2921 fata
971 2872 1029 2921 te
1065 2865 1228 2920 votis
1258 2868 1540 2919 manent:

365 2944 616 3020 Ingrata
645 2946 865 3002 misero
898 2945 1025 3001 vita
1055 2945 1332 3001 ducenda
1360 2950 1452 2999 est
1484 2942 1541 2998 in
1575 2942 1704 3012 hoc,

365 3023 556 3097 Novis
587 3031 655 3082 ut
686 3043 877 3102 usque
910 3032 1201 3101 suppetas
1233 3023 1554 3079 laboribus,

369 3104 555 3181 Optat
583 3105 849 3181 quietem
881 3104 1127 3181 Pelopis
1157 3103 1326 3160 infidi
1359 3109 1545 3178 pater,
2001 3091 2074 3147 65

293 3288 344 3332 4⁰
366 3301 529 3332 sonare
650 3287 709 3330 42
732 3286 886 3330 vicem
1008 3282 1066 3328 47
1087 3296 1175 3327 1166
1299 3281 1353 3327 57
1377 3281 1578 3339 vulgata
1699 3281 1756 3325 60
1778 3279 1994 3340 proderit

549 3347 609 3391 64
629 3346 874 3391 doloribus
1454 3341 1511 3383 65
1533 3339 1709 3384 infida·

429 3429 547 3475 Hor.
579 3428 610 3470 9
