2367 3784
219 103 345 167 240
1002 118 1289 164 HoRA‘m

300 278 578 336 Reddere
609 279 712 353 qui
742 296 923 336 voces
957 279 1085 352 jam
1116 279 1233 335 scit
1261 296 1410 353 puer
1437 284 1499 336 et
1527 279 1681 353 pede
1710 285 1873 337 certo

224 358 446 432 Signat
475 359 746 428 humum,
779 360 968 432 gestit
996 359 1245 432 paribus
1276 359 1593 428 colludere,
1624 366 1687 416 et
1716 361 1869 416 iram

223 438 476 512 Colligit
505 457 573 495 ac
602 440 774 514 ponit
802 447 1043 508 temere,
1076 445 1139 496 et
1167 445 1440 495 mutatur
1471 439 1533 494 in
1567 440 1759 496 horas,
1971 442 2083 498 160

222 519 540 575 Imberbus
574 520 838 592 juvenis,
870 519 1121 575 tandem
1151 520 1402 575 custode
1431 525 1679 588 remoto,

224 598 464 658 Gaudet
493 599 664 674 equis
696 599 1063 673 canibusque
1094 605 1155 655 et
1184 599 1370 672 aprici
1399 599 1670 673 gramine
1703 600 1918 675 campi,

225 679 452 736 Cereus
482 679 544 735 in
575 679 792 735 vitium
826 678 997 747 flecti,
1029 679 1430 735 monitoribus
1462 696 1655 753 asper,

224 758 487 817 Utilium
515 759 726 815 tardus
755 759 1053 833 provisor,
1086 759 1380 834 prodigus
1412 760 1584 829 aeriS,

224 839 515 897 Sublimis
545 839 917 913 cupidusque
947 844 1010 895 et
1039 844 1243 895 amata
1272 839 1604 914 relinquere
1634 840 1863 914 pernix.
1970 842 2080 898 165

225 918 552 977 Conversis
582 919 801 976 studiis
833 925 1004 976 aetas
1035 920 1390 994 animusque
1421 919 1615 975 virilis

225 1000 478 1072 Quaerit
507 1018 652 1075 opes
679 1008 741 1055 et
774 1000 1092 1069 amicitiaS,
1126 999 1385 1057 inservit
1413 998 1640 1069 honori,

226 1080 621 1139 Commisisse
652 1085 827 1137 cavet
856 1080 1016 1154 quod
1048 1096 1192 1135 mox
1220 1086 1453 1136 mutare
1483 1079 1733 1138 laboret.

223 1159 425 1217 Multa
453 1177 659 1217 senem
689 1159 1172 1217 circumveniunt
1202 1160 1600 1229 incommoda,
1633 1160 1730 1216 vel
1760 1161 1924 1235 quod

226 1241 479 1313 Quaerit
507 1246 570 1297 et
598 1240 865 1296 inventis
897 1240 1079 1296 miser
1110 1239 1376 1296 abstinet
1407 1257 1475 1295 ac
1505 1241 1681 1297 timet
1710 1242 1819 1309 uti,
1971 1241 2083 1300 170

224 1320 338 1377 ve]
371 1321 532 1395 quod
563 1338 659 1377 res
688 1337 898 1377 omnes
928 1320 1139 1376 timide
1172 1319 1488 1394 gelideque
1517 1320 1841 1390 ministrat,

225 1400 478 1469 Dilator‚
512 1418 618 1475 spe
647 1399 886 1473 longuS,
917 1399 1096 1468 iners,
1132 1399 1468 1474 avidusque
1499 1399 1705 1470 futuri,

224 1480 520 1549 Difficilis,
553 1480 856 1554 querulus,
891 1479 1172 1536 laudator
1203 1479 1494 1553 temporis
1526 1480 1644 1536 acti

228 1559 304 1617 Se
336 1578 536 1634 puer0,
571 1559 903 1633 castigator
932 1576 1262 1634 censorque
1293 1559 1610 1617 minorum.

224 1639 424 1697 Multa
451 1641 649 1697 ferunt
681 1638 823 1696 anni
852 1640 1166 1695 venientes
1197 1640 1516 1696 commoda
1546 1657 1767 1708 secum,
1974 1641 2083 1699 175

224 1720 425 1776 Multa
451 1720 799 1777 recedentes
831 1719 1121 1775 adimunt.
1211 1718 1305 1775 Ne
1336 1719 1490 1776 forte
1523 1720 1745 1776 seniles

224 1799 592 1856 Mandentur
623 1799 837 1873 juveni
866 1806 1071 1874 partes
1099 1814 1406 1874 pueroque
1439 1800 1661 1869 virileS,

227 1879 478 1956 Semper
507 1881 570 1936 in
600 1879 904 1954 adjunctis
933 1897 1201 1954 aevoque
1232 1879 1602 1936 morabimur
1631 1880 1811 1954 aptiS.

303 2053 434 2110 Aut
465 2052 668 2126 agitur
697 2069 793 2108 res
825 2052 885 2108 in
917 2050 1167 2119 scaenis,
1203 2056 1310 2107 aut
1341 2055 1476 2107 acta
1506 2051 1772 2108 refertur.

224 2133 487 2207 Segnius
517 2133 757 2189 irritant
788 2133 1021 2188 animos
1052 2131 1318 2188 demissa
1345 2148 1450 2204 per
1481 2148 1702 2200 aurem,
1973 2131 2084 2189 180

225 2215 422 2287 Quam
455 2231 606 2289 quae
640 2218 783 2269 sunt
812 2211 1000 2268 oculis
1032 2212 1302 2285 subjecta
1331 2210 1621 2279 fidelibus,
1653 2217 1714 2267 et
1743 2226 1897 2285 quae

222 2295 361 2368 Ipse
394 2293 506 2349 sibi
538 2292 727 2348 tradit
757 2297 1092 2366 spectator:
1138 2309 1259 2346 non
1289 2296 1494 2346 tamen
1522 2291 1688 2347 intus

224 2374 428 2447 Digna
458 2371 585 2446 geri
616 2389 854 2447 promes
882 2372 945 2427 in
978 2388 1277 2438 scaenam,
1312 2370 1619 2445 multaque
1650 2370 1829 2427 tolles

222 2453 319 2510 Ex
348 2454 554 2522 oculis,
587 2470 743 2527 quae
773 2468 915 2507 mox
944 2456 1147 2507 narret
1177 2450 1461 2507 facundia
1488 2467 1790 2524 praesens.

224 2532 318 2590 Ne
349 2550 569 2607 pueros
599 2550 801 2588 coram
832 2531 1054 2606 populo
1086 2530 1307 2586 Medea
1336 2531 1615 2598 trucidet,
1973 2530 2085 2587 185

223 2613 355 2669 Aut
385 2611 650 2668 humana
678 2611 884 2686 palam
914 2616 1135 2685 coquat
1165 2615 1308 2667 exta
1340 2609 1606 2666 nefarius
1638 2610 1882 2679 Atreus,

224 2694 356 2749 Aut
386 2692 447 2747 in
479 2710 652 2747 avem
686 2692 916 2748 Procne
947 2697 1239 2758 vertatur,
1277 2690 1548 2747 Cadmus
1578 2690 1640 2745 in
1671 2707 1950 2762 anguem.

225 2772 656 2846 Quodcumque
687 2771 963 2828 ostendis
992 2770 1142 2827 mihi
1172 2771 1278 2840 sie,
1311 2769 1658 2827 incredulus
1689 2768 1804 2824 odi.

304 2952 475 3012 Neve
504 2953 701 3008 minor
729 2970 846 3009 neu
876 2953 958 3009 sit
986 2952 1200 3027 quinto
1228 2950 1575 3026 productior
1606 2955 1745 3005 actu

223 3033 473 3102 Fabula,
507 3049 661 3106 quae
691 3032 859 3106 posci
890 3032 1021 3089 volt
1046 3038 1109 3089 et
1137 3036 1413 3107 spectata
1442 3030 1690 3105 reponi3
1977 3028 2089 3085 190

334 3209 419 3252 161
443 3206 670 3250 imberbis
794 3206 880 3251 172
902 3208 1060 3250 lentus
1084 3222 1107 3249 e
1128 3207 1247 3250 coni.
1372 3206 1458 3251 172
1481 3205 1693 3265 pavidus
1730 3216 1789 3247 ue
1810 3218 1835 3246 e
1857 3203 1974 3249 com‘-

419 3268 504 3312 178
529 3265 794 3310 morabitur
916 3267 1000 3309 180
1027 3279 1164 3310 aures
1290 3267 1375 3310 185
1399 3280 1485 3310 nec
1609 3265 1694 3310 187
1720 3284 1724 3288 ’
1762 3275 1911 3320 rogae

766 3326 852 3371 189
875 3326 939 3370 sit
960 3339 1054 3370 neu
1176 3326 1264 3371 190
1288 3326 1551 3386 spectanda
