2367 3784
136 147 261 210 198
618 158 907 206 HORA'PI
959 158 1499 207 EPISTVLARVM

136 320 241 377 Me
269 319 561 394 pinguem
590 321 654 374 et
683 317 943 373 nitidum
977 317 1126 372 bene
1159 322 1372 373 curata
1402 322 1539 373 cute
1576 317 1759 389 viseS,
1937 320 2007 377 15

141 400 296 458 Cum
327 401 518 456 ridere
550 398 720 455 voles
751 396 1001 473 Epicuri
1032 398 1104 455 de
1137 415 1323 471 grege
1354 414 1622 472 porcum.

1038 605 1115 664 V.

145 733 211 792 Si
237 737 413 809 potes
444 729 760 790 Archiacis
792 729 1056 788 conviva
1085 730 1433 788 recumbere
1464 729 1655 802 lectis,

144 813 274 871 Nec
304 813 543 870 modica
572 830 784 869 cenare
813 811 994 868 times
1028 811 1160 867 olus
1194 829 1367 868 omne
1400 810 1645 886 patella,

146 893 440 968 Supremo
469 898 531 949 te
562 892 686 949 sole
718 892 899 959 domi,
934 890 1260 965 Torquate,
1294 891 1565 948 manebo,

144 974 309 1031 Vina
339 973 509 1029 bibes
537 973 758 1028 iterum
791 972 991 1028 Tauro
1021 971 1245 1028 diffusa
1274 972 1580 1045 palustres

147 1054 319 1111 Inter
348 1052 697 1109 Minturnas
731 1051 1289 1127 Sinuessanumque
1324 1052 1658 1110 Petrinum.
1974 1058 2010 1115 5

151 1134 218 1193 Si
248 1134 464 1190 melius
494 1133 637 1208 quid
671 1132 875 1202 habeS,
909 1149 1162 1201 arcesse,
1198 1132 1296 1188 vel
1329 1132 1650 1207 imperium
1681 1133 1803 1191 fer:

148 1214 192 1274 J
197 1214 526 1271 amdudum
557 1213 832 1288 splendet
861 1212 1032 1269 focus
1062 1221 1123 1268 et
1153 1212 1263 1268 tibi
1297 1214 1524 1270 munda
1554 1214 1841 1289 supellex.

153 1295 334 1351 Mitte
366 1293 530 1350 leves
561 1311 701 1369 spes
729 1301 792 1349 et
821 1293 1151 1350 certamina
1181 1292 1535 1350 divitiarum

153 1374 238 1431 Et
269 1374 508 1431 Moschi
539 1391 822 1431 causam:
869 1390 1002 1429 cras
1033 1379 1179 1430 nato
1216 1372 1477 1431 Caesare
1508 1374 1701 1431 festus

154 1455 281 1512 Dat
309 1455 549 1510 veniam
581 1471 975 1529 somnumque
1007 1454 1176 1526 dies3
1223 1453 1466 1529 impune
1498 1455 1702 1513 licebit
1942 1458 2016 1514 10

155 1535 476 1593 Aestivam
506 1552 781 1591 sermone
814 1534 1076 1608 benigno
1106 1534 1354 1591 tendere
1385 1541 1639 1594 noctem.

157 1617 292 1689 Quo
323 1614 469 1671 mihi
498 1615 820 1685 fortunam,
853 1614 905 1670 si
936 1632 1058 1671 non
1087 1614 1439 1672 conceditur
1470 1614 1602 1673 uti?

157 1696 388 1753 Parcus
419 1695 495 1752 ob
528 1695 766 1751 heredis
795 1712 1002 1751 curam
1032 1694 1407 1769 nimiumque
1439 1713 1686 1753 severus

157 1775 413 1833 Assidet
441 1775 690 1832 insano:
733 1781 944 1849 potare
974 1781 1036 1832 et
1066 1792 1352 1850 spargere
1383 1775 1557 1833 flores

156 1856 469 1931 Incipiam,
501 1855 816 1931 patiarque
847 1855 944 1911 vel
975 1856 1357 1912 inconsultus
1390 1855 1614 1914 haberi.
1946 1859 2018 1915 15

160 1936 321 2010 Quid
352 1954 475 1993 non
503 1935 765 1992 ebrietas
794 1933 1122 2009 designat?
1212 1935 1442 2010 Operta
1470 1937 1741 2008 recludit,

162 2015 314 2092 Spes
335 2016 508 2090 jubet
537 2033 669 2073 esse
698 2020 881 2086 ratas,
915 2016 991 2072 ad
1024 2016 1253 2091 proelia
1282 2017 1474 2073 trudit
1502 2018 1775 2087 inertem,

162 2096 452 2154 Sollicitis
482 2097 700 2153 animis
731 2113 884 2153 onus
912 2096 1142 2166 eximit,
1178 2096 1433 2153 addocet
1462 2105 1636 2155 artes

160 2177 433 2234 Fecundi
461 2176 679 2234 calices
709 2194 886 2250 quem
918 2194 1038 2233 non
1069 2176 1260 2233 fecere
1292 2176 1633 2234 disertum?

163 2257 494 2316 Contracta
523 2275 701 2333 quem
732 2274 852 2313 non
882 2257 944 2313 in
973 2263 1332 2332 paupertate
1365 2255 1679 2315 solutum?
1949 2260 2025 2317 20

162 2337 334 2394 Haec
360 2355 476 2412 ego
504 2354 821 2413 procurare
852 2343 913 2393 et
940 2337 1194 2393 idoneus
1225 2338 1482 2413 imperor
1509 2345 1571 2395 et
1601 2356 1723 2396 non

161 2416 424 2489 Invitus,
458 2436 530 2474 ne
561 2423 738 2492 turpe
767 2418 941 2485 toral,
976 2435 1048 2474 ne
1082 2417 1326 2475 sordida
1355 2436 1577 2493 mappa

165 2497 463 2570 Corruget
492 2515 684 2568 nareS‚
717 2516 790 2553 ne
824 2515 944 2553 non
972 2504 1033 2554 et
1064 2497 1395 2554 cantharus
1423 2509 1485 2555 et
1513 2498 1657 2556 lanx

165 2577 466 2636 Ostendat
493 2578 607 2635 tibi
634 2585 711 2648 te,
742 2596 817 2634 ne
851 2577 1000 2634 fidos
1030 2580 1190 2635 inter
1221 2579 1449 2636 amicos

166 2657 263 2715 Sit
292 2660 395 2733 qui
423 2658 585 2715 dicta
614 2659 776 2716 foras
806 2658 1088 2716 eliminet.
1177 2659 1268 2716 Ut
1298 2666 1468 2717 coeat
1497 2677 1607 2735 par
1955 2661 2032 2717 25

163 2739 593 2813 Jungaturque
620 2740 770 2815 pari,
805 2738 1059 2796 Butram
1091 2740 1208 2796 tibi
1242 2739 1707 2816 Septiciumque,

169 2818 252 2875 Et
282 2820 399 2875 nisi
431 2838 579 2876 cena
606 2820 770 2895 prior
797 2820 1113 2894 potiorque
1146 2821 1349 2895 puella
1380 2820 1671 2877 Sabinum

166 2898 431 2969 Detinet,
465 2917 788 2957 assumam.
877 2899 1077 2956 Locus
1107 2909 1202 2956 est
1231 2908 1293 2957 et
1320 2901 1596 2975 pluribus
1628 2901 1895 2960 umbris:

168 2977 287 3036 Sed
319 2980 499 3036 nimis
529 2988 662 3036 arta
687 2986 969 3056 premunt
999 2980 1195 3037 olidae
1226 2981 1510 3038 convivia
1541 2999 1771 3057 caprae.

168 3058 262 3115 Tu
291 3065 513 3141 quotus
542 3077 673 3116 esse
704 3061 855 3118 velis
885 3061 1161 3129 rescribe,
1194 3066 1273 3131 et,
1305 3062 1485 3118 rebus
1515 3061 1775 3133 omissiS,
1956 3060 2033 3122 30

168 3138 350 3196 Atria
380 3147 724 3197 servantem
754 3141 989 3215 postico
1019 3140 1158 3197 falle
1191 3141 1487 3199 clientem.

424 3282 450 3326 6
473 3283 547 3326 sin
672 3284 699 3326 6
722 3296 907 3327 accerse
1029 3284 1084 3326 11
1107 3284 1332 3328 festivam
1457 3285 1512 3328 11
1537 3286 1794 3330 extendere

171 3341 227 3386 12
251 3341 458 3397 fortuna,
470 3343 688 3387 fortunas
705 3358 728 3386 e
747 3344 882 3398 coni„
898 3343 1118 3387 fortunae
1133 3360 1156 3387 e
1173 3346 1293 3388 coni.
1359 3346 1415 3388 16
1430 3346 1672 3403 dissignat
1735 3346 1789 3392 17
1806 3346 2040 3391 inermem

247 3403 319 3455 25,
344 3404 400 3446 26
426 3403 717 3462 distinquum
739 3403 832 3446 alii
853 3403 1082 3456 eliminet,
1106 3407 1162 3448 ut
1178 3436 1193 3448 .
1209 3437 1219 3448 .
1239 3436 1251 3448 .
1269 3406 1393 3464 pari.
1516 3407 1574 3450 26
1598 3407 1980 3467 Septimiumque
