2367 3784
226 107 314 170 48

780 125 1070 174 HORA'I'I
1123 128 1536 179 CARMINVM

628 281 776 341 Sors
804 284 1041 342 exitura
1068 292 1131 344 et
1159 304 1272 344 nos
1301 288 1362 344 in
1393 294 1706 348 aeternum

706 362 973 421 Exilium
1014 365 1374 441 impositura
1415 370 1682 426 cumbae.

1097 576 1211 635 IV.

460 701 558 761 Ne
588 702 669 760 sit
698 696 952 760 ancillae
981 700 1095 761 tibi
1126 723 1297 762 amor
1325 707 1563 782 pudori,

459 781 743 840 Xanthia
772 783 1053 841 Phoceu!
1143 785 1325 843 Prius
1356 788 1715 849 insolentem

461 861 657 920 Serva
697 862 930 920 Briseis
972 864 1151 922 niveo
1197 867 1391 925 colore

779 943 983 1001 Movit
1027 945 1372 1023 Achillem3

458 1022 664 1080 Movit
694 1023 944 1097 Ajacem
978 1025 1309 1085 Telamone
1340 1034 1552 1087 natum

459 1102 684 1160 Forma
711 1106 988 1179 captivae
1022 1108 1337 1166 dominum
1370 1110 1767 1187 Tecmessae3

457 1183 636 1242 Arsit
664 1185 919 1244 Atrides
952 1189 1153 1246 medio
1184 1190 1247 1247 in
1278 1190 1589 1267 triumpho

778 1266 1035 1342 Virgine
1079 1275 1272 1345 rapta,

456 1344 766 1403 Barbarae
798 1356 1124 1425 postquam
1159 1350 1423 1409 cecidere
1453 1356 1689 1409 turmae

459 1425 755 1485 Thessalo
788 1429 1033 1499 victore,
1066 1437 1128 1488 et
1159 1432 1482 1507 ademptus
1513 1431 1746 1490 Hector

455 1506 738 1566 Tradidit
780 1509 958 1567 fessis
1000 1498 1233 1568 lEviora
1272 1512 1405 1569 tolli

778 1589 1084 1665 Pergama
1128 1591 1322 1650 Grais

457 1669 719 1729 Nescias
753 1690 831 1729 an
861 1678 922 1728 te
955 1690 1244 1746 generum
1274 1672 1436 1730 beati

456 1750 766 1826 Phyllidis
800 1752 994 1810 flavae
1028 1753 1313 1810 decorent
1341 1760 1660 1828 parentes:

455 1830 724 1907 Regium
757 1841 914 1891 certe
947 1851 1159 1908 genus
1194 1839 1256 1890 et
1283 1839 1539 1908 penates

776 1913 1013 1972 Maeret
1056 1914 1315 1988 iniquos,

455 1993 648 2053 Crede
679 2013 800 2053 non
832 1994 997 2052 illam
1033 1994 1144 2051 tibi
1176 1993 1250 2050 de
1282 1994 1541 2052 scelesta

456 2073 642 2133 Plebe
674 2076 974 2145 dilectam,
1010 2092 1205 2149 neque
1238 2075 1324 2132 sic
1355 2074 1609 2145 fidelem,

452 2153 552 2212 Sic
581 2155 745 2213 lucro
778 2173 1050 2213 aversam
1086 2155 1363 2229 potuisse
1395 2155 1562 2212 nasci

769 2235 971 2294 Matre
1013 2235 1316 2311 pudenda.

449 2314 750 2374 Bracchia
779 2322 841 2374 et
874 2317 1103 2374 voltum
1134 2321 1477 2391 teretesque
1509 2333 1682 2373 suras

449 2395 700 2471 Integer
729 2397 949 2471 laud03
995 2397 1137 2470 fuge
1169 2396 1466 2471 suspicari

450 2474 640 2550 Cujus
671 2484 953 2535 octavum
984 2477 1318 2553 trepidavit
1348 2481 1521 2534 aetas

770 2557 1069 2615 Claudere
1112 2557 1389 2615 lustrum.

1100 2767 1178 2826 V.

446 2890 739 2950 Nondum
771 2891 1026 2949 subacta
1056 2892 1210 2950 ferre
1244 2894 1464 2967 jugum
1496 2892 1661 2949 valet

445 2970 716 3044 Oerv'ice‚
752 2973 1020 3035 nondum
1053 2972 1263 3030 munia
1292 2973 1595 3048 comparis

525 3053 831 3127 Aequare,
880 3070 989 3110 neo
1033 3053 1193 3110 tauri
1237 3053 1472 3109 ruentis

604 3132 678 3189 In
726 3149 1012 3203 venerem,
1051 3132 1310 3190 tolerare
1352 3131 1626 3207 pondus:

447 3210 625 3270 Circa
654 3213 920 3270 virentes
952 3218 1048 3269 est
1079 3214 1320 3269 animus
1348 3218 1491 3269 tuae

615 3414 671 3457 18
695 3413 927 3457 delectam
1354 3413 1409 3456 19
1433 3412 1684 3455 adversam

2006 1433 2073 1488 10

2002 1831 2073 1888 15

1999 2233 2072 2288 20

327 3350 384 3395 28
407 3352 625 3408 exitium,
838 3352 1064 3397 exsilium
1217 3353 1275 3396 28
1297 3351 1497 3408 cymbae
1650 3350 1705 3395 12
1731 3350 1891 3396 Graiis
