2367 3784
1053 153 1198 199 ΜΒ.
1247 152 1326 199 11.
1375 138 1412 200 2
2047 136 2173 199 233

308 311 463 369 Rem
494 312 555 369 di
584 312 899 384 donarent,
931 313 1019 369 illi
1051 312 1338 369 decedere
1367 329 1618 386 pravam

311 391 687 465 Stultitiam3
730 402 809 462 et,
842 410 978 449 cum
1009 393 1093 449 sis
1123 392 1313 449 nihilo
1345 392 1675 466 sapientior
1702 408 1778 448 ex
1804 409 1923 466 quo

310 470 554 529 Plenior
580 490 663 540 ee,
695 478 899 530 tamen
932 473 1121 529 uteris
1151 472 1551 529 monitoribus
1580 468 1819 528 isdem?

308 552 398 609 At
428 553 475 608 si
506 553 758 610 divitiae
789 554 1146 628 prudentem
1176 552 1424 609 reddere
1453 559 1720 627 possent,
2064 552 2175 609 155

314 631 379 690 Si
409 633 694 708 cupidum
723 632 1124 708 timidumque
1154 634 1358 690 minus
1387 639 1463 702 te,
1499 650 1711 706 nempe
1740 632 1989 689 ruberes

311 712 564 770 Viveret
594 713 655 769 in
686 713 864 770 terris
894 720 951 770 te
984 714 1036 768 si
1067 713 1206 788 quis
1238 713 1475 769 avarior
1505 730 1642 771 uno,

313 791 379 849 Si
408 793 718 868 proprium
750 801 845 849 est
877 793 1037 867 quod
1069 793 1206 869 quis
1238 793 1390 850 libra
1419 798 1719 849 mercatus
1747 797 1810 849 et
1838 809 1973 848 aere
2002 796 2116 862 est,

313 873 640 946 Quaedam,
673 874 724 930 si
753 873 948 931 credis
979 873 1291 943 consultis,
1323 873 1632 948 mancipat
1659 889 1842 945 usus;

313 953 431 1025 Qui
459 959 519 1009 te
546 953 742 1027 pascit
771 970 928 1027 ager,
961 960 1108 1009 tuus
1136 958 1250 1024 est,
1282 958 1344 1009 et
1377 953 1594 1010 vilicus
1627 950 1791 1021 Orbi,
2062 953 2175 1010 160

314 1030 463 1089 Cum
497 1039 736 1107 segetes
768 1038 938 1090 occat
968 1033 1077 1089 tibi
1106 1051 1250 1090 mox
1280 1033 1583 1089 frumenta
1615 1032 1883 1101 daturae,

311 1112 396 1169 Te
427 1113 735 1169 dominum
766 1114 967 1171 sentit.
1058 1112 1189 1170 Das
1220 1130 1519 1181 nummos,
1553 1111 1775 1185 accipis
1805 1129 2008 1181 uvam,

313 1191 537 1263 Pullos,
572 1210 706 1262 ova,
739 1194 955 1250 cadum
987 1194 1231 1250 temeti:
1276 1210 1489 1268 nempe
1521 1192 1700 1248 modo
1731 1192 1849 1248 isto

312 1271 618 1330 Paulatim
649 1274 936 1330 mercaris
967 1292 1199 1347 agrum,
1234 1272 1489 1329 fortasse
1519 1272 1808 1329 trecentis

311 1354 443 1409 Aut
471 1352 654 1409 etiam
684 1371 872 1428 supra
898 1370 1285 1411 nummorum
1314 1352 1562 1409 milibus
1591 1360 1878 1427 emptum.
2063 1352 2175 1410 165

310 1433 472 1505 Quid
503 1433 683 1489 refert
712 1434 886 1490 vives
917 1440 1233 1490 numerato
1263 1450 1453 1508 nuper
1482 1450 1558 1489 an
1588 1431 1776 1490 olim?

311 1512 571 1588 Emptor
600 1513 833 1571 Aricini
864 1514 1172 1588 quondam
1204 1513 1485 1570 Veientis
1514 1519 1576 1570 et
1604 1513 1735 1569 arvi

312 1592 602 1669 Emptum
634 1599 810 1651 cenat
840 1594 991 1664 clue,
1018 1593 1303 1668 quamvis
1334 1593 1509 1650 aliter
1539 1599 1751 1668 putat;
1792 1593 2018 1667 emptis

314 1670 442 1731 Sub
471 1679 708 1730 noctem
739 1674 1006 1745 gelidam
1039 1674 1223 1749 lignis
1253 1673 1570 1731 calefactat
1604 1681 1819 1730 aenum
1846 1694 1859 1745 3

313 1751 431 1810 Sed
460 1759 640 1810 vocat
668 1771 862 1828 usque
895 1772 1090 1825 suum,
1127 1772 1248 1828 qua
1274 1754 1533 1829 populus
1565 1754 1764 1810 adsita
1793 1754 1976 1810 certis
2063 1753 2175 1813 170

313 1831 640 1891 Limitibus
673 1834 871 1891 vicina
902 1834 1130 1909 refugit
1149 1835 1397 1907 jurgia3
1439 1841 1752 1909 tamquam

313 1912 407 1971 Sit
438 1914 744 1990 proprium
775 1915 1116 1989 quicquam,
1151 1921 1377 1988 puncto
1406 1914 1564 1988 quod
1596 1913 1835 1970 mobilis
1865 1913 2047 1970 horae

313 1992 492 2051 Nunc
520 2012 710 2070 prece,
744 2012 902 2050 nunc
931 1994 1142 2068 pretiO,
1177 2012 1335 2051 nunc
1367 1994 1446 2064 vi,
1479 2011 1638 2050 nunc
1668 2001 1861 2051 morte
1892 2010 2177 2068 suprema

312 2073 623 2131 Permutet
651 2075 929 2131 dominos
959 2081 1019 2131 et
1049 2075 1223 2131 cedat
1253 2074 1314 2129 in
1345 2074 1537 2130 altera
1554 2075 1706 2147 jura.

312 2151 411 2212 Sic
442 2154 585 2230 quia
612 2161 943 2230 perpetuus
975 2154 1127 2210 nulli
1160 2155 1339 2210 datur
1370 2172 1534 2223 usuS,
1564 2160 1628 2211 et
1657 2153 1832 2209 heres
2065 2154 2174 2212 175

310 2232 614 2291 Heredem
646 2235 894 2292 alterius
926 2235 1096 2292 velut
1124 2234 1292 2291 unda
1322 2234 1673 2309 supervenit
1702 2233 1946 2302 undam,

313 2314 477 2387 Quid
509 2315 624 2371 vici
651 2320 908 2390 prosunt
939 2321 1042 2372 aut
1074 2312 1333 2372 horrea?
1378 2314 1600 2389 quidve
1635 2313 1914 2371 Calabris

310 2393 579 2453 Saltibus
611 2396 827 2469 adiecti
861 2396 1112 2465 Lucani,
1150 2396 1202 2451 si
1232 2396 1408 2451 metit
1439 2394 1631 2452 Orcus

309 2473 579 2532 Grandia
610 2494 745 2532 cum
773 2475 998 2550 parvis,
1034 2494 1154 2533 non
1187 2475 1509 2532 exorabilis
1541 2472 1734 2532 auro?

308 2554 614 2624 GemmaS,
645 2573 923 2626 marmor,
957 2557 1119 2626 ebur,
1153 2555 1473 2631 Tyrrhena
1502 2555 1719 2630 sigilla,
1745 2552 2021 2623 tabellaS,
2060 2554 2173 2611 180

2000 695 2028 730 Ι

305 2634 670 2709 Argentum,
704 2643 908 2692 vestes
941 2636 1202 2694 Gaetulo
1234 2636 1460 2692 murice
1489 2637 1734 2695 tinctas,

152 2691 286 2740 ξ
306 2713 464 2771 Sunt
493 2716 596 2790 qui
628 2734 747 2772 non
778 2716 1064 2784 habeant,
1098 2722 1195 2773 est
1224 2717 1326 2791 qui
1357 2734 1473 2772 non
1507 2720 1678 2772 curat
1709 2714 1939 2777 habere,

307 2793 434 2851 Cur
464 2796 616 2852 alter
647 2796 897 2852 fratrum
930 2814 1164 2853 cessare
1196 2802 1257 2852 et
1287 2796 1489 2852 ludere
1520 2800 1582 2852 et
1609 2795 1801 2868 ungui

304 2874 618 2931 Praeferat
649 2875 916 2933 Herodis
948 2876 1230 2949 palmetis
1260 2875 1607 2951 pinguibus,
1642 2874 1793 2932 alter

303 2954 495 3011 Dives
524 2964 585 3012 et
615 2956 996 3030 importunus
1029 2958 1102 3012 ad
1136 2956 1411 3011 umbram
1443 2955 1592 3012 lucis
1625 2955 1700 3011 ab
1730 2961 1867 3012 ortu
2059 2954 2170 3010 185

303 3032 661 3092 Silvestrem
692 3035 950 3092 flammis
979 3044 1041 3093 et
1071 3036 1225 3092 ferro
1258 3035 1503 3110 mitiget
1532 3052 1763 3110 agrum,

1054 3173 1144 3217 154
1165 3173 1433 3217 rationibus

303 3233 392 3277 158
414 3232 543 3292 quod
563 3234 672 3293 quis
694 3233 819 3278 libra
839 3238 1077 3277 mercatur
1099 3238 1147 3277 et
1168 3247 1291 3288 aere,
1310 3234 1539 3293 quicquid
1564 3233 1688 3277 libra
1708 3246 1975 3277 mercamur
1995 3235 2043 3274 et
2065 3243 2175 3274 aere

901 3294 984 3337 160
1009 3294 1200 3337 villicus
1265 3295 1348 3336 161
1374 3294 1573 3337 daturus

607 3354 691 3398 163
714 3355 855 3398 modo
879 3357 952 3397 sto
977 3352 1165 3410 (Quo)
1193 3352 1388 3396 Lachm.
1407 3354 1469 3396 ad
1486 3353 1674 3397 Lucret.
1693 3352 1764 3394 iii.
1783 3351 1871 3392 954

728 3414 813 3459 173
839 3417 963 3456 sorte
986 3412 1183 3455 editores
1208 3413 1400 3470 quidam
1524 3412 1609 3454 183
1633 3411 1751 3464 ungi
