2367 3784
903 177 1049 225 mn.
1103 177 1181 223 1L.
1233 160 1330 237 12,
1368 160 1446 222 13
2024 159 2109 219 55

1081 483 1270 541 xm.
1705 374 1982 529 ff

483 628 595 687 Ille
636 632 700 685 et
742 625 980 683 nefasto
1023 631 1085 682 te
1129 625 1336 701 posuit
1379 625 1492 695 die,

491 707 868 781 Quicumque
898 705 1183 782 primum,
1217 711 1279 761 et
1310 705 1611 781 sacrilega
1635 723 1825 764 manu

567 786 879 855 Produxit,
927 785 1125 855 arbOS,
1174 785 1238 841 in
1283 792 1573 861 nepotum

646 866 987 924 Perniciem
1035 865 1546 941 opprobriumque
1588 868 1766 944 pagi;

486 948 666 1007 Illum
710 952 773 1004 et
814 946 1087 1023 parentis
1133 946 1494 1003 crediderim
1540 947 1632 1004 sui
2074 943 2108 998 5

489 1027 767 1102 Fregisse
809 1028 1121 1096 cervicem,
1171 1034 1232 1083 et
1273 1027 1608 1102 penetralia

568 1106 880 1182 Sparsisse
927 1113 1228 1164 nocturno
1275 1125 1482 1164 cruore

644 1187 969 1264 Hospitis;
1012 1187 1112 1244 ille
1164 1205 1397 1245 venena
1443 1187 1673 1246 Colcha

489 1268 573 1326 Et
599 1268 884 1343 quicquid
916 1285 1174 1343 usquam
1210 1269 1544 1342 concipitur
1572 1270 1743 1326 nefas

488 1347 816 1417 Tractavit‚
863 1366 1009 1423 agro
1055 1348 1157 1422 qui
1205 1348 1422 1404 statuit
1466 1366 1598 1405 meo
2040 1345 2111 1399 10

566 1428 667 1497 Te,
711 1430 888 1486 triste
933 1428 1190 1503 lignum,
1238 1435 1298 1484 te
1342 1428 1632 1486 caducum

645 1508 720 1566 In
762 1509 993 1567 domini
1039 1514 1225 1584 caput
1267 1507 1656 1568 immerentis

490 1589 650 1664 Quid
678 1591 933 1665 quisque
965 1589 1138 1657 vitet,
1176 1607 1507 1664 numquam
1544 1589 1769 1647 homini
1802 1590 1957 1653 satis

491 1669 754 1728 Cautum
783 1676 878 1726 est
909 1669 967 1725 in
1002 1668 1222 1726 horas:
1268 1670 1483 1727 navita
1515 1669 1855 1746 Bosporum

565 1750 807 1808 Poenus
848 1748 1278 1826 perhorrescit,
1327 1768 1519 1826 neque
1563 1751 1725 1809 ultra
2040 1745 2112 1800 15

645 1829 842 1888 Caeca
880 1830 1061 1887 timet
1111 1829 1352 1887 aliunde
1397 1831 1538 1900 fata,

486 1909 669 1968 Miles
711 1911 975 1984 sagittas
1020 1915 1082 1967 et
1129 1910 1382 1967 celerem
1428 1912 1635 1983 fugam

488 1989 717 2060 Parthi,
749 1998 998 2048 catenas
1034 1990 1308 2047 Parthus
1336 1997 1399 2046 et
1429 1990 1656 2048 Italum

566 2069 813 2144 Robur3
858 2070 966 2128 sed
1014 2071 1349 2146 improvisa
1393 2071 1498 2128 leti

649 2151 764 2207 Vis
805 2151 1010 2226 rapuit
1056 2151 1371 2226 rapietque
1415 2158 1647 2225 gentes».
2039 2144 2113 2200 20

489 2230 686 2304 Quam
716 2250 906 2305 paene
938 2233 1154 2288 furvae
1187 2248 1380 2305 regna
1412 2230 1810 2309 Proserpinae

490 2309 574 2368 Et
604 2312 979 2385 judicantem
1030 2310 1299 2367 vidimus
1343 2313 1636 2383 Aeacum,

570 2389 880 2467 Sedesque
926 2391 1225 2448 discretas
1269 2392 1526 2466 piorum,
1568 2398 1631 2450 et

654 2472 888 2530 Aeoliis
931 2471 1153 2529 fidibus
1198 2478 1544 2547 querentem

493 2550 741 2628 Sappho
782 2553 999 2630 puellis
1043 2552 1117 2610 de
1160 2552 1569 2627 popularibuS,
2039 2544 2111 2600 25

492 2631 578 2691 Et
616 2640 676 2690 te
719 2640 1039 2693 sonantem
1088 2632 1326 2707 plenius
1371 2651 1569 2703 auree,

574 2713 815 2784 Alcaee,
860 2714 1088 2790 plectro
1137 2712 1290 2770 dura
1332 2714 1525 2783 navis

657 2793 825 2852 Dura
867 2794 1048 2869 fugae
1097 2793 1277 2863 mala,
1324 2793 1476 2850 dura
1517 2793 1692 2853 belli!

494 2874 834 2949 Utrumque
880 2892 1049 2932 sacro
1100 2873 1290 2949 digna
1333 2874 1571 2931 silentio

492 2954 799 3012 Mirantur
829 2957 1077 3013 umbrae
1113 2953 1345 3026 dicere;
1390 2954 1496 3012 sed
1526 2955 1726 3030 magis
2038 2944 2114 2998 3⁰

574 3035 828 3107 Pugnas
870 3044 932 3094 ct
974 3043 1224 3094 exactos
1267 3045 1568 3109 tyrannos

652 3117 923 3175 Densum
956 3117 1227 3175 humeris
1257 3116 1410 3172 bibit
1442 3133 1582 3173 aure
1615 3115 1848 3190 volgus,

494 3197 657 3271 Quid
688 3198 924 3265 mirum,
959 3198 1060 3255 ubi
1093 3198 1215 3254 illis
1247 3197 1615 3255 carminibus
1645 3205 1896 3273 stupens

498 3276 779 3335 Demittit
820 3284 984 3335 atras
1025 3278 1206 3335 belua
1247 3279 1549 3354 centiceps

301 3445 333 3486 8
360 3441 585 3488 Colchica
646 3445 703 3488 23
726 3445 999 3505 discriptae,
1022 3437 1289 3505 descriptas
1350 3446 1410 3491 28
1433 3447 1592 3503 fugae,
1616 3449 1744 3490 mala
1806 3445 1865 3487 34
1885 3443 2045 3486 bellua
