2367 3784
991 159 1136 207 ms.
1187 161 1235 207 1.
1287 146 1326 208 5
1974 146 2099 208 145

253 321 484 378 Postera
515 319 623 375 lux
653 319 847 375 oritur
874 319 1069 375 multo
1099 319 1448 394 gratissima
1473 340 1485 391 ;
1532 337 1791 394 namque

252 399 465 459 Plotius
493 404 559 455 et
591 398 819 456 Varius
853 397 1177 456 Sinuessae
1216 398 1640 473 Vergiliusque
2019 402 2092 457 40

253 480 587 547 Occurrunt,
623 478 878 548 animae,
911 479 1122 553 quales
1156 497 1349 554 neque
1381 480 1757 536 candidiores

251 561 419 619 Terra
445 559 604 627 tulit,
639 576 833 634 neque
867 559 1001 633 quis
1033 576 1128 616 me
1159 559 1241 615 sit
1269 559 1609 616 devinctior
1638 559 1805 616 alter.

252 640 293 699 Ο
318 641 419 716 qui
448 639 799 714 complexus
831 644 894 696 et
926 639 1156 713 gaudia
1191 646 1423 714 quanta
1453 638 1731 696 fuerunt!

251 720 340 778 Nil
367 737 479 795 ego
509 719 870 776 contulerim
906 720 1181 793 Jucundo
1215 736 1404 776 sanus
1436 721 1643 776 amico.

251 801 516 858 Proxima
547 798 862 875 Campano
894 800 1068 874 ponti
1102 818 1255 875 quae
1288 799 1518 869 villula,
1552 806 1779 857 tectum
2015 803 2087 857 45

251 881 537 948 Praebuit,
569 886 633 937 et
660 880 931 955 parochi,
967 897 1122 955 quae
1157 879 1394 950 debent,
1427 881 1599 954 ligna
1630 880 1956 956 salemque.

252 961 397 1019 Hinc
427 960 567 1016 muli
601 959 850 1034 Capuae
884 960 1146 1017 clitellas
1179 966 1451 1035 tempore
1480 968 1728 1035 ponunt.

249 1042 462 1098 Lusum
498 1041 544 1097 it
577 1040 919 1110 Maecenas,
956 1041 1289 1098 dormitum
1320 1060 1434 1115 ego
1468 1041 1937 1116 Vergiliusque3

250 1121 508 1196 Namque
537 1120 661 1195 pila
693 1120 877 1196 lippis
911 1121 1227 1178 inimicum
1260 1132 1322 1177 et
1354 1121 1556 1178 ludere
1587 1121 1802 1178 crudis

252 1201 397 1258 Hinc
426 1219 534 1258 nos
569 1204 613 1257 C
641 1201 807 1257 ›cceii
841 1202 1058 1278 recipit
1090 1201 1450 1276 plenissima
1480 1200 1645 1270 villa,
2015 1202 2091 1256 50

250 1284 403 1354 Quae
432 1298 609 1355 super
638 1290 734 1338 est
766 1281 967 1339 Caudi
1001 1299 1327 1357 cauponas,
1414 1280 1592 1338 Nunc
1622 1281 1771 1337 mihi
1800 1281 2010 1356 paucis

250 1362 532 1419 Sarmenti
562 1379 805 1419 scurrae
837 1379 1113 1438 pugnam
1149 1361 1462 1436 Messique
1494 1361 1721 1431 Cicirri,

251 1440 427 1511 Musa,
458 1442 639 1499 velim
676 1460 990 1510 memoreS,
1026 1448 1089 1499 et
1121 1460 1242 1518 quo
1272 1451 1444 1516 patre
1474 1451 1654 1499 natus
1683 1448 1935 1517 uterque

228 1521 571 1581 ‚contulerit
601 1522 755 1578 lites
849 1521 1040 1579 Messi
1077 1522 1305 1579 clarum
1337 1538 1529 1597 genus
1561 1521 1699 1579 Osci
1726 1543 1739 1595 3

251 1600 531 1658 Sarmenti
561 1601 812 1659 domina
842 1608 1044 1660 exstat
1068 1624 1080 1659 :
1130 1604 1206 1659 ab
1239 1602 1333 1658 his
1364 1602 1691 1675 majoribus
1720 1602 1834 1659 orti
2007 1602 2082 1657 55

255 1681 342 1739 Ad
367 1699 630 1756 pugnam
663 1699 895 1739 venere.
992 1683 1169 1739 Prior
1204 1682 1594 1740 Sarmentus:
1643 1688 1675 1711 “
1698 1682 1856 1757 Equi
1888 1686 1948 1737 te

253 1760 387 1818 Esse
414 1761 519 1818 feri
550 1761 809 1819 similem
843 1763 1042 1820 dico,''
1133 1763 1448 1829 Ridemus,
1481 1767 1542 1819 et
1572 1762 1701 1836 ipse

253 1839 492 1899 Messius
524 1847 556 1871 “
581 1842 897 1917 Accipi0,’'
928 1848 1116 1917 caput
1146 1849 1208 1900 et
1238 1852 1459 1899 movet.
1549 1848 1579 1871 “’
1607 1840 1678 1909 O,
1710 1850 1818 1898 tua
1846 1859 2030 1899 cornu

254 1919 303 1977 N
309 1921 322 1976 i
349 1921 493 1978 foret
520 1928 764 1979 exsecto
796 1923 1026 1991 frons,’'
1058 1922 1276 1998 inquit,
1311 1928 1343 1951 “
1363 1922 1509 1998 quid
1541 1922 1782 1989 faceres,
1816 1940 1951 1978 cum

254 2000 339 2058 Sic
364 2001 607 2058 mutilus
637 2002 938 2060 miniteris
959 2001 984 2059 ¹?
1004 2005 1036 2033 ''
1126 2005 1214 2060 At
1245 2002 1329 2059 illi
1362 2002 1539 2059 foeda
1568 2002 1817 2059 cicatr2x
2008 2001 2082 2053 00

255 2079 507 2138 Setosam
535 2082 695 2139 laevi
727 2083 989 2140 frontem
1023 2088 1384 2157 turpaverat
1412 2083 1548 2140 oris.

255 2159 604 2236 Campanum
635 2163 695 2218 in
729 2163 1024 2233 morbum,
1064 2163 1122 2219 in
1159 2163 1372 2220 faciem
1402 2162 1702 2236 permulta
1734 2164 1994 2236 jocatus

256 2239 545 2298 Pastorem
577 2242 831 2299 saltaret
861 2243 952 2300 uti
987 2243 1265 2318 Cyclopa
1294 2243 1586 2318 rogabat3

252 2317 340 2377 Nil
367 2320 449 2377 illi
477 2321 648 2379 larva
680 2327 787 2379 aut
818 2323 1069 2398 tragicis
1105 2341 1258 2398 opus
1287 2341 1420 2380 esse
1450 2322 1775 2379 cothurnis.

256 2398 431 2458 Multa
461 2401 727 2460 Cicirrus
758 2403 835 2460 ad
871 2403 1055 2460 haec:
1105 2403 1416 2461 Donasset
1433 2403 1638 2476 jamne
1671 2415 1948 2459 catenam
2004 2398 2075 2453 65

253 2479 333 2537 Ex
358 2488 493 2538 voto
525 2481 806 2551 Laribus,
842 2483 1214 2557 quaerebat3
1260 2483 1456 2540 scriba
1485 2484 1645 2558 quod
1676 2488 1855 2550 esset,

254 2557 375 2616 Nilo
401 2561 664 2619 deterius
694 2562 977 2620 dominae
1017 2565 1121 2637 Jus
1149 2580 1318 2621 esse:
1364 2563 1619 2637 rogabat

255 2638 519 2716 Denique,
550 2659 658 2699 cur
688 2659 982 2718 umquam
1019 2643 1295 2718 fugisset,
1328 2643 1424 2700 cui
1454 2643 1605 2699 satis
1634 2659 1756 2699 una

254 2717 434 2777 Farris
461 2721 615 2779 libra
644 2722 816 2793 foret,
852 2723 1065 2797 gracili
1102 2722 1187 2781 sic
1220 2729 1466 2798 tamque
1496 2722 1733 2797 pusillo,

253 2798 485 2857 Prorsus
516 2802 786 2875 jucunde
819 2819 1030 2860 cenam
1060 2803 1453 2878 producimus
1483 2802 1665 2859 illam.
1998 2796 2072 2855 70

251 2876 553 2938 Tendimus
585 2880 727 2940 hinc
759 2889 925 2939 recta
955 2883 1395 2953 Beneventum,
1429 2882 1532 2939 ubi
1563 2881 1812 2939 sedulus
1842 2879 2066 2954 hospes

252 2957 430 3029 Paene
458 2978 694 3018 macros
728 2962 882 3019 arsit
913 2962 1055 3020 dum
1090 2964 1304 3020 turdos
1336 2968 1539 3020 versat
1571 2961 1631 3017 in
1662 2961 1785 3036 igni
1811 2982 1824 3033 3

249 3034 388 3095 Nam
417 3057 574 3115 vaga
601 3058 712 3116 per
743 3054 1010 3100 veterem
1042 3043 1281 3117 dilapso
1312 3041 1557 3099 flamma
1586 3041 1846 3098 culinam

248 3113 497 3178 Volcano
527 3138 836 3178 summum
865 3123 1225 3198 properabat
1254 3123 1515 3179 lambere
1544 3127 1786 3178 tectum.

447 3275 503 3319 40
528 3273 769 3332 Virgilius
890 3275 949 3322 47
972 3274 1051 3320 hic
1173 3277 1230 3319 50
1256 3274 1419 3320 Coccei
1542 3274 1598 3316 60
1623 3271 1862 3317 minitaris

298 3331 349 3376 67
371 3333 515 3388 nuno,
536 3332 711 3387 nihilo,
732 3333 899 3380 ordine
920 3343 1093 3378 momen
1111 3334 1323 3379 deterius
1343 3333 1497 3379 nihilo
1632 3332 1686 3376 70
1709 3328 2025 3390 produximus

429 3449 553 3498 non
579 3451 644 3499 1⁰
757 3392 954 3439 was-sit
980 3400 1165 3436 macros
1286 3386 1341 3437 ⁷3
1365 3391 1561 3452 delapso
1596 3410 1611 3455 '.
