2367 3784
785 152 789 157 ¹
898 192 1043 240 ms.
1102 193 1148 239 1.
1199 176 1414 240 26-28
1998 177 2082 243 37

462 356 633 429 Quae
664 371 833 428 saga,
867 353 1004 427 quis
1034 360 1093 410 te
1126 352 1361 410 solvere
1392 351 1705 411 Thessalis

459 435 686 508 Magus
718 433 984 503 venenis,
1017 433 1154 508 quis
1182 433 1410 508 poterit
1438 431 1632 491 deus?

540 514 668 572 Vix
693 513 998 588 illigatum
1028 521 1089 570 te
1117 513 1377 570 triformi

619 594 898 669 Pegasus
927 594 1211 668 expediet
1242 591 1581 652 Chimaera.

1029 832 1352 892 XXVIII.
1663 744 1924 849 ff

215 960 303 1018 Te
335 959 523 1018 maris
552 964 616 1017 et
643 964 843 1017 terrae
872 976 1243 1035 numeroque
1274 959 1535 1016 carentis
1566 976 1783 1017 arenae

379 1040 729 1098 Mensorem
773 1039 1075 1108 cohibent,
1123 1038 1442 1114 Archyta,-

217 1119 503 1177 Pulveris
534 1118 739 1194 exigui
768 1136 955 1194 prope
987 1119 1134 1175 litus
1162 1136 1355 1195 parva
1385 1118 1693 1177 Matinum

383 1199 660 1269 Munera,
693 1216 804 1256 nec
834 1199 1159 1275 quicquam
1187 1198 1300 1256 tibi
1332 1199 1580 1274 prodest

214 1280 441 1338 Aerias
469 1285 800 1354 temptasse
833 1280 1047 1336 domos
1080 1279 1404 1355 animoque
1435 1280 1766 1337 rotundum
2055 1277 2091 1334 5

383 1360 761 1418 Percurrisse
804 1360 1029 1436 polum,
1076 1360 1387 1417 morituro,

215 1439 465 1499 Occidit
493 1446 556 1498 et
587 1439 833 1498 Pelonis
865 1440 1122 1514 genitor,
1154 1441 1415 1498 conviva
1444 1441 1710 1512 deorum,

383 1521 803 1593 Tithonusque
850 1526 1119 1578 remotus
1162 1520 1224 1578 in
1270 1539 1465 1590 auras,

218 1600 306 1660 Et
332 1602 376 1660 J
380 1601 515 1659 ovis
544 1601 779 1658 arcanis
810 1600 1016 1657 Minos
1049 1601 1367 1671 admissae,
1402 1601 1748 1677 habentque

383 1681 651 1739 Tartara
674 1681 1061 1751 Panthoiden
1091 1682 1313 1739 iterum
1345 1680 1501 1739 Orco
2017 1675 2092 1737 10

221 1762 594 1832 Demissum,
627 1762 926 1836 quamvis
963 1762 1155 1837 clipeo
1187 1761 1450 1835 Trojana
1478 1760 1660 1820 refixo

381 1843 684 1917 Tempora
726 1848 1010 1912 testatuS‚
1058 1842 1214 1900 nihil
1256 1842 1418 1899 ultra

218 1921 460 1980 Nervos
491 1928 672 1998 atque
705 1930 905 1980 cutem
939 1923 1121 1980 morti
1151 1928 1532 1980 concesserat
1561 1927 1748 1995 atrae,

380 2003 599 2061 «Iudice
643 2009 704 2060 te
748 2021 870 2060 non
916 2003 1204 2060 sordidus
1249 2007 1460 2062 auctor

219 2082 495 2140 Naturae
526 2084 792 2158 verique.
888 2082 1010 2140 Sed
1042 2099 1253 2140 omnes
1283 2101 1406 2139 una
1433 2087 1640 2140 manet
1667 2099 1788 2142 nox
2022 2079 2093 2138 15

378 2163 461 2220 Et
507 2164 796 2222 calcanda
843 2163 1032 2221 semel
1075 2163 1179 2220 via
1222 2163 1343 2221 leti.

220 2242 391 2300 Dant
424 2244 573 2301 alius
604 2244 824 2301 Furiae
857 2249 1035 2302 torvo
1067 2243 1419 2318 spectacula
1445 2242 1669 2316 Marti3

379 2323 587 2382 Exitio
615 2330 711 2382 est
743 2325 992 2382 avidum
1022 2341 1191 2382 mare
1222 2324 1459 2395 nautis3

219 2402 422 2472 Mtixta
450 2422 665 2462 senum
695 2423 764 2462 ac
784 2406 1083 2479 juvenum
1112 2405 1445 2462 densentur
1473 2403 1716 2478 funera;
1758 2404 1992 2463 nullum

383 2484 584 2544 Saeva
626 2491 808 2562 caput
856 2485 1223 2561 Proserpina
1261 2484 1436 2560 fugit.
2021 2481 2097 2540 20

221 2562 323 2621 Me
355 2583 594 2641 quoque
625 2566 841 2623 devexi
876 2565 1124 2641 rapidus
1154 2583 1354 2623 comes
1387 2563 1635 2622 Orionis

377 2643 644 2721 Illyricis
687 2642 891 2703 Notus
938 2647 1142 2703 obruit
1182 2646 1380 2703 undis,

221 2723 310 2781 At
338 2729 424 2794 tu,
457 2733 664 2797 nauta,
699 2745 894 2801 vagae
928 2744 1002 2783 ne
1030 2744 1208 2802 parce
1239 2726 1547 2801 malignus
1576 2742 1794 2783 arenae

379 2803 642 2865 Ossibus
685 2811 748 2864 et
789 2807 976 2883 capiti
1016 2806 1335 2864 inhumato

221 2883 594 2943 Particulam
619 2888 792 2946 dare:
826 2888 930 2957 sic,
955 2887 1374 2963 quodcumque
1403 2885 1736 2944 minabitur
1764 2885 1969 2944 Eurus
2026 2884 2102 2942 25

378 2965 695 3025 Fluctibus
744 2968 1079 3044 Hesperiis,
1124 2967 1478 3025 Venusinae

217 3044 577 3109 Plectantur
610 3049 822 3120 silvae,
855 3054 916 3107 te
949 3050 1196 3125 sospite,
1232 3047 1545 3122 multaque
1574 3061 1821 3117 merceS,

377 3127 560 3187 Unde
604 3135 829 3204 potest,
875 3129 987 3188 tibi
1032 3129 1259 3187 defluat
1305 3145 1495 3203 aequo

215 3207 319 3266 Ab
349 3209 509 3267 Jove
544 3209 950 3286 Neptunoque
981 3210 1138 3271 sacri
1169 3208 1423 3267 custode
1453 3207 1719 3266 Tarenti.

378 3288 438 3355 N
443 3290 682 3365 eglegis
726 3289 1050 3348 immeritis
1092 3288 1430 3349 nocituram
2034 3283 2112 3343 30

337 3446 363 3496 3
388 3445 540 3495 latum
748 3447 774 3492 5
796 3448 1008 3494 tentasse
1216 3444 1270 3486 18
1294 3442 1452 3485 avidis
1660 3441 1716 3484 30
1740 3439 1951 3494 negligis
