2367 3784
1014 128 1160 177 mn.
1212 129 1293 175 11.
1345 112 1378 174 1
2019 112 2143 173 223

276 286 521 364 Spectat
550 286 757 344 Roma
781 293 1037 364 potens3
1081 287 1268 345 habet
1297 286 1411 344 hos
1443 292 1841 360 numeratque
1870 286 2078 359 poetas

273 367 374 427 Ad
403 373 675 424 nostrum
708 372 950 443 tempus
983 367 1123 425 Livi
1155 367 1463 443 scriptoris
1495 366 1571 422 ab
1604 382 1771 422 aevo,

274 448 587 506 Interdum
621 446 841 520 volgus
871 455 1102 504 rectum
1135 448 1316 515 videt,
1349 453 1443 503 est
1474 447 1576 502 ubi
1607 449 1833 521 peccat.

279 528 341 587 Si
370 534 607 585 veteres
636 527 726 585 ita
754 528 1009 585 miratur
1037 527 1369 603 laudatque
1399 530 1609 602 poetas

275 608 362 666 Ut
389 608 540 665 nihil
572 607 888 676 anteferat,
921 606 1073 664 nihil
1103 606 1224 664 illis
1255 613 1581 682 comparet,
1614 613 1813 680 errat;
2058 612 2130 670 65

280 688 342 747 Si
371 689 667 763 quaedam
697 688 876 745 nimis
909 688 1176 763 antique,
1210 688 1262 745 si
1292 688 1576 762 pleraque
1608 686 1753 744 dure

276 768 491 826 Dicere
521 768 712 825 credit
741 786 862 837 eOS,
896 768 1117 841 ignave
1149 767 1346 824 multa
1377 768 1615 836 fatetur,

275 848 545 924 Etsapit
573 853 635 905 et
663 866 898 905 mecum
929 848 1074 906 facit
1102 854 1165 904 et
1196 848 1354 905 Jove
1375 848 1613 921 judicat
1643 865 1849 923 aequo,

276 927 416 986 Non
442 929 722 1004 equidem
754 928 1019 985 insector
1051 928 1389 985 delendave
1419 929 1690 985 carmina
1721 927 1863 985 Livi

276 1008 428 1065 Esse
456 1026 606 1078 reor,
637 1009 886 1065 memini
916 1026 1072 1084 quae
1103 1004 1427 1083 plagosum
1457 1007 1609 1064 mihi
1639 1025 1830 1083 parvo
2059 1012 2133 1072 70

278 1087 574 1151 Orbilium
604 1089 834 1146 dictare
861 1109 875 1162 ;
920 1089 1026 1146 sed
1057 1088 1382 1146 emendata
1412 1088 1605 1145 videri

277 1168 662 1243 Pulchraque
692 1173 754 1225 et
781 1170 1011 1226 exactis
1042 1169 1359 1226 minimum
1392 1168 1690 1226 distantia
1719 1167 1942 1243 miror;

274 1248 443 1306 Inter
470 1267 624 1324 quae
655 1249 903 1306 verbum
934 1249 1179 1306 emicuit
1210 1250 1262 1306 si
1292 1250 1445 1307 forte
1475 1250 1776 1320 decorum,
1807 1254 1870 1306 et

278 1328 342 1386 Si
372 1346 583 1387 versus
613 1329 794 1404 paulo
825 1329 1170 1386 concinnior
1200 1347 1359 1387 unus
1388 1335 1451 1387 et
1481 1330 1649 1400 alter,

273 1408 505 1482 Injuste
534 1415 733 1467 totum
761 1409 927 1467 ducit
957 1410 1286 1485 venditque
1317 1413 1547 1486 poema.
2058 1411 2131 1471 75

273 1489 569 1564 Indignor
598 1490 919 1565 quicquam
952 1490 1329 1565 reprehendi,
1363 1510 1484 1548 non
1515 1490 1659 1567 quia
1687 1506 1889 1549 crasse

277 1568 694 1646 Compositum
729 1571 1046 1646 illepideve
1077 1577 1340 1645 putetur,
1374 1573 1479 1629 sed
1510 1572 1652 1647 quia
1683 1588 1906 1645 nuper;

274 1649 405 1708 Nec
435 1650 670 1707 veniam
707 1650 993 1725 antiquiS,
1028 1651 1135 1707 sed
1166 1651 1457 1708 honorem
1489 1663 1551 1709 et
1580 1652 1853 1726 praemia
1880 1650 2067 1724 posci.

276 1729 466 1788 Recte
497 1748 683 1787 necne
714 1747 952 1789 crocum
986 1729 1280 1807 floresque
1313 1731 1691 1806 perambulet
1723 1732 1912 1789 Attae

275 1810 511 1867 Fabula
539 1810 590 1866 si
621 1810 910 1879 dubitem,
943 1810 1211 1868 clament
1238 1812 1492 1887 periisse
1525 1811 1821 1887 pudorem
2056 1812 2131 1868 80

278 1889 494 1948 Cuncti
524 1908 710 1965 paene
740 1897 964 1966 patrea,
995 1910 1068 1948 ea
1096 1909 1234 1948 cum
1262 1891 1695 1966 reprehendere
1725 1909 1904 1949 coner

277 1970 444 2042 Quae
474 1975 682 2044 gravis
713 1972 1015 2044 AesopuS,
1047 1989 1202 2045 quae
1234 1971 1448 2028 doctus
1480 1971 1741 2028 Roscius
1771 1972 1931 2045 egit:

275 2048 390 2106 Vel
422 2050 566 2125 quia
594 2051 679 2107 nil
709 2057 954 2121 rectum,
989 2051 1105 2107 nisi
1136 2051 1299 2125 quod
1329 2051 1559 2126 placuit
1589 2052 1722 2120 sibi,
1757 2051 2004 2121 ducunt,

272 2128 389 2186 Vel
419 2130 562 2205 quia
590 2137 764 2204 turpe
793 2137 1015 2206 putant
1042 2148 1254 2207 parere
1284 2131 1364 2187 mi
1376 2131 1637 2198 noribuS‚
1669 2137 1733 2188 et
1761 2148 1915 2206 quae

273 2208 582 2267 Imberbes
613 2211 894 2281 didicere,
929 2229 1107 2268 senes
1137 2210 1447 2285 perdenda
1474 2210 1665 2268 fateri.
2054 2208 2127 2264 85

271 2289 316 2347 J
321 2308 416 2347 am
450 2290 685 2348 Saliare
716 2290 955 2348 Numae
986 2308 1226 2348 carmen
1257 2291 1359 2366 qui
1388 2291 1615 2361 laudat,
1647 2295 1708 2347 et
1736 2290 1906 2361 illud,

275 2370 449 2442 Quod
477 2388 713 2428 mecum
745 2371 1006 2445 ignorat,
1040 2371 1208 2427 solus
1239 2371 1370 2428 volt
1399 2372 1549 2428 scire
1580 2371 1795 2441 videri,

270 2449 543 2525 Ingeniis
572 2468 693 2507 non
722 2450 822 2507 ille
852 2451 1019 2507 favet
1047 2450 1402 2527 plauditque
1434 2451 1704 2526 sepultis,

270 2528 500 2588 Nostra
530 2531 636 2588 sed
666 2531 1006 2604 impugnat,
1039 2548 1152 2588 nos
1184 2539 1509 2606 nostraque
1539 2532 1765 2589 lividus
1795 2531 1941 2589 odit.

273 2609 446 2683 Quod
479 2610 531 2666 si
566 2615 690 2667 tam
724 2609 976 2668 Graecis
1006 2611 1250 2668 novitas
1283 2612 1483 2668 invisa
1510 2612 1725 2668 fuisset
2050 2609 2123 2665 90

272 2689 467 2762 Quam
496 2690 690 2760 nobiS,
722 2691 867 2765 quid
898 2697 1251 2748 nuncesset
1283 2690 1505 2748 vetus?
1553 2699 1655 2749 aut
1684 2692 1829 2767 quid
1861 2692 2112 2750 haberet

272 2770 448 2843 Quod
475 2770 704 2844 legeret
731 2776 1070 2847 tereretque
1101 2771 1329 2829 viritim
1358 2771 1635 2847 publicus
1669 2770 1857 2829 usus?

346 2929 437 2987 Ut
463 2931 728 3005 primum
759 2931 978 3006 positis
1006 2931 1225 3006 nugari
1258 2929 1514 2989 Graecia
1542 2932 1717 2989 bellis

268 3008 483 3085 Coepit
510 3018 573 3069 et
602 3012 662 3069 in
694 3012 911 3069 vitium
941 3012 1186 3068 fortuna
1216 3011 1407 3068 labier
1436 3031 1646 3088 aequa,

266 3087 323 3146 N
328 3108 444 3147 une
474 3091 846 3148 athletarum
875 3092 1114 3159 studiis,
1146 3109 1307 3148 nunc
1339 3093 1487 3149 arsit
1515 3111 1825 3168 equorum,
2049 3097 2120 3154 95

265 3168 596 3228 Marmoris
627 3178 733 3228 aut
762 3170 962 3227 eboris
993 3171 1196 3228 fabros
1229 3177 1337 3228 aut
1367 3172 1521 3228 aeris
1552 3173 1798 3243 amavit,

383 3323 437 3366 61
462 3326 776 3381 muneratque
900 3323 955 3368 67
988 3324 1115 3367 cedit
1240 3324 1295 3368 69
1320 3325 1616 3383 delendaque
1741 3323 1765 3368 ’ἴ
1770 3325 1796 3366 3
1819 3327 1866 3365 et
1888 3322 2014 3364 omit.

395 3397 401 3403 ·
683 3381 740 3429 77
763 3383 1069 3443 inlepideque
1203 3385 1259 3426 92
1286 3385 1524 3437 Quirltum
1547 3400 1569 3426 e
1593 3386 1712 3427 coni.
