2367 3784
239 130 321 191 22
801 141 1090 188 HORA'PI
1142 141 1555 189 CARMINVM

399 302 782 389 Intemptata
825 302 1022 359 nites:
1066 319 1163 358 me
1207 290 1418 358 tabula
1459 318 1631 358 sacer

401 382 635 440 Votiva
678 381 879 456 paries
923 381 1156 449 indicat
1200 381 1390 437 uvida

562 461 968 537 Suspendisse
1011 461 1249 537 potenti
2012 445 2083 502 15

641 542 1028 600 Vestimenta
1070 542 1255 599 maris
1298 539 1444 599 deol

1124 754 1237 813 VI.
1689 770 1696 779 ·
1859 696 1994 852 ‘ff

401 873 695 934 Scribe'ris
741 876 1151 951 Vario-,fortis
1195 881 1257 934 et
1300 875 1570 934 hostium

403 955 623 1014 Victor
685 950 954 1013 Maeonii
1000 956 1287 1014 carminis
1331 956 1492 1031 alite,

405 1036 603 1110 Quam
632 1054 758 1093 rem
791 1054 1045 1112 cumque
1077 1037 1245 1093 ferox
1274 1037 1535 1094 navibus
1566 1042 1675 1094 aut
1702 1037 1873 1114 equis

561 1117 742 1174 Miles
784 1123 843 1173 te
890 1116 1039 1174 duce
1086 1117 1379 1192 gesserit:

403 1195 551 1274 NQS,
585 1198 879 1273 Agrippa,
917 1215 1110 1272 neque
1146 1197 1295 1255 haec
1326 1198 1540 1269 dicere,
1572 1216 1680 1255 nec
1710 1216 1959 1273 gravem
2051 1197 2089 1254 5

403 1277 650 1334 Pelidae
695 1277 1083 1335 stomachum
1131 1277 1340 1335 cedere
1383 1279 1586 1348 nescii,

402 1356 533 1415 Nec
576 1376 787 1415 cursus
834 1358 1100 1434 duplicis
1143 1377 1249 1435 per
1293 1377 1457 1416 mare
1502 1359 1723 1430 Ulixei,

560 1438 689 1496 Nec
740 1457 988 1496 saevam
1041 1439 1290 1514 Pelopis
1335 1441 1580 1497 domum

404 1517 728 1589 Conamur,
774 1524 989 1576 tenues
1039 1521 1315 1594 grandia,
1362 1521 1502 1577 dum
1547 1519 1741 1595 pudor

401 1598 789 1675 Imbellisque
833 1600 1004 1674 lyrae
1058 1601 1245 1658 Musa
1282 1607 1501 1677 potens
1544 1607 1715 1658 vetat
2022 1597 2094 1655 10

401 1679 648 1737 Laudes
690 1681 923 1755 egregii
977 1680 1264 1738 Caesaris
1305 1687 1369 1739 et
1408 1689 1550 1739 tuas

564 1760 759 1835 Culpa
802 1762 1074 1819 deterere
1117 1762 1336 1836 ingeni.

402 1841 558 1914 Quis
586 1840 852 1898 Martem
883 1842 1096 1899 tunica
1128 1848 1357 1900 tectum
1389 1842 1781 1901 adamantina

401 1920 600 1995 Digne
646 1922 967 1996 scripserit,
1021 1929 1128 1979 aut
1169 1923 1420 1997 pulvere
1464 1923 1680 1981 Troico

399 2000 665 2076 Nigrum
709 2001 1042 2073 Merionen,
1094 2009 1201 2060 aut
1242 2021 1355 2078 ope
1400 2002 1672 2061 Palladis
2024 1998 2097 2054 15

559 2081 838 2157 Tydiden
884 2083 1120 2159 superis
1160 2081 1418 2159 parem?

399 2161 533 2219 Nos
578 2163 876 2233 convivia,
925 2181 1037 2221 nos
1084 2164 1317 2238 proelia
1361 2163 1670 2238 virginum

404 2241 600 2300 Sectis
642 2244 706 2299 in
739 2245 1002 2317 juvenes
1050 2244 1362 2318 unguibus
1407 2244 1635 2300 acrium

402 2322 757 2394 CantamuS,
806 2325 1004 2393 vacui,
1056 2324 1185 2380 sive
1232 2324 1376 2399 quid
1422 2325 1669 2396 urimur,

561 2403 704 2460 Non
748 2409 993 2479 praeter
1038 2404 1287 2461 solitum
1329 2404 1508 2461 leves,
2022 2397 2099 2453 20

1102 2626 1248 2684 m
1547 2532 1762 2714 ff

241 2746 614 2806 Laudabunt
645 2748 749 2805 alii
780 2747 1005 2806 claram
1040 2749 1308 2806 Rhodon
1341 2753 1448 2805 aut
1477 2747 1839 2823 Mytilenen,

400 2829 535 2885 Aut
577 2828 869 2903 Epheson
913 2830 1239 2886 bimarisve
1288 2828 1571 2885 Corinthi

241 2906 504 2977 Moenia,
542 2909 635 2964 vel
668 2909 909 2968 Baccho
941 2910 1184 2967 Thebas
1218 2909 1313 2966 vel
1345 2908 1626 2984 Apolline
1659 2909 1933 2986 Delphos

401 2990 703 3064 InsigueS‚
751 3000 855 3050 aut
900 2993 1197 3051 Thessala
1241 2991 1503 3065 Tempe;

243 3068 402 3128 Sunt
432 3073 650 3147 quibus
681 3093 866 3133 unum
898 3096 1049 3153 opus
1079 3083 1174 3133 est
1204 3076 1468 3132 intactae
1500 3072 1773 3130 Palladis
1803 3073 2015 3129 urbem
2065 3078 2101 3136 5

403 3153 685 3213 Carmine
730 3164 1020 3233 perpetuo
1064 3157 1385 3225 celebrare,
1430 3159 1494 3211 et

423 3326 480 3370 13
504 3326 746 3371 intentata
1064 3326 1125 3370 14
1145 3325 1349 3369 humida
1665 3322 1691 3369 7
1715 3323 1930 3383 duplices

604 3387 631 3430 2
655 3386 900 3447 Ephesum
1282 3386 1308 3429 5
1332 3397 1479 3440 areca,
1502 3397 1657 3429 arcem
