2367 3784
183 111 304 172 168
714 127 999 172 HORATI
1052 127 1492 173 sarinARVM

181 277 465 339 Putidius
494 283 690 340 multo
722 284 1029 339 cerebrum
1061 290 1171 353 est,
1208 283 1356 339 mihi
1388 285 1577 352 crede,
1617 284 1853 355 Perelli‚
1981 284 2011 343 7
2021 285 2061 340 5

178 361 485 419 Dictantis
516 362 677 436 quod
707 368 774 418 tu
806 380 1137 437 numquam
1167 363 1493 420 rescribere
1524 364 1739 437 possis,

258 520 491 579 Audire
525 529 704 597 atque
735 529 942 596 togam
962 523 1145 596 jubeo
1175 540 1547 598 componere,
1581 522 1856 597 quisquis

179 602 532 659 Ambitione
562 604 724 660 mala
754 610 858 659 aut
887 603 1122 676 argenti
1151 604 1342 678 pallet
1374 620 1595 671 amore,

178 682 471 756 Quisquis
501 682 739 740 luxuria
769 682 1009 739 tristive
1041 684 1467 758 superstitione

180 764 308 818 Aut
338 762 456 818 alio
487 764 709 820 mentis
739 763 951 819 morbo
980 763 1171 836 calet;
1217 763 1333 820 huc
1361 762 1614 837 propius
1644 781 1755 832 me,
1986 765 2067 819 80

178 842 342 898 Dum
372 842 557 899 doceo
589 842 850 900 insanire
883 860 1108 913 omneS‚
1143 861 1255 900 vos
1285 843 1496 900 ordine
1523 843 1699 899 adite.

258 1001 481 1058 Danda
510 1009 604 1061 est
632 1004 877 1073 ellebori
907 1004 1099 1060 multo
1130 1021 1270 1079 pars
1298 1004 1564 1060 maxima
1596 1003 1796 1059 avaris
1821 1024 1834 1075 ;

179 1082 400 1138 Nescio
433 1100 508 1139 an
542 1084 908 1158 Anticyram
938 1085 1091 1140 ratio
1122 1084 1242 1140 illis
1271 1083 1534 1141 destinet
1565 1100 1818 1139 omnem.

180 1162 453 1219 Heredes
487 1160 729 1221 Staberi
760 1182 1062 1233 summam
1094 1164 1356 1221 incidere
1388 1162 1722 1238 sepulchro,

181 1241 262 1298 Ni
295 1242 381 1299 sic
413 1243 715 1314 fecissent,
749 1244 1159 1318 gladiatorum
1191 1244 1332 1301 dare
1364 1252 1602 1299 centum
1989 1251 2071 1306 85

181 1321 470 1379 Damnati
501 1325 727 1399 populo
758 1325 927 1399 paria
957 1331 1139 1398 atque
1169 1324 1414 1398 epulum
1449 1322 1695 1379 arbitrio
1730 1322 1892 1392 Arri,

180 1402 496 1459 Frumenti
527 1412 824 1479 quantum
858 1405 1031 1461 metit
1062 1404 1290 1460 Africa.
1380 1408 1411 1431 “
1440 1402 1583 1460 Sive
1613 1419 1728 1476 ego
1757 1419 1940 1476 prave

181 1481 303 1540 Seu
332 1489 492 1539 recte
523 1483 635 1541 hoc
668 1484 848 1553 volui,
883 1502 956 1541 ne
989 1484 1073 1540 sis
1102 1490 1358 1559 patruus
1388 1482 1598 1539 mihi.''
1686 1482 1882 1553 Credo

184 1562 318 1620 Hoc
350 1562 582 1621 Staberi
614 1565 971 1639 prudentem
1004 1565 1275 1621 animum
1308 1563 1550 1619 vidisse.
1640 1562 1800 1635 Quid
1830 1579 1976 1635 ergo

184 1642 404 1713 Sensit,
438 1661 575 1700 cum
606 1662 909 1701 summam
937 1645 1261 1720 patrimoni
1295 1642 1630 1717 insculpere
1662 1659 1812 1698 saxo
1995 1652 2073 1707 9ο

182 1723 458 1780 Heredes
490 1722 726 1782 voluit?
814 1725 1028 1798 Quoad
1063 1725 1231 1793 vixit,
1264 1723 1518 1781 credidit
1548 1724 1764 1796 ingens

182 1803 538 1879 Pauperiem
573 1805 786 1860 vitium
818 1811 880 1861 et
909 1805 1072 1862 cavit
1103 1805 1255 1860 nihil
1287 1804 1500 1873 acriuS,
1533 1808 1616 1871 ut,
1651 1802 1702 1859 si

182 1882 363 1940 Forte
395 1884 597 1941 minus
627 1885 895 1959 locuples
926 1903 1045 1941 uno
1077 1885 1414 1960 quadrante
1443 1883 1718 1959 perisset,

181 1963 322 2038 Ipse
355 1964 665 2021 videretur
694 1965 808 2021 sibi
842 1966 1125 2039 nequior:
1172 1965 1369 2021 omnis
1398 1964 1557 2020 enim
1589 1980 1701 2030 res,

180 2043 415 2113 VirtuS,
449 2045 627 2113 sama,
662 2046 862 2114 decuS‚
897 2045 1107 2102 divina
1137 2045 1525 2119 humanaque
1556 2042 1824 2117 pulchris
1999 2052 2073 2108 95

181 2123 430 2182 Divitiis
459 2130 709 2199 parent;
752 2143 905 2201 quas
936 2125 1040 2200 qui
1070 2125 1491 2192 construxerit,
1524 2124 1623 2180 ille

182 2203 400 2262 Clarus
419 2206 547 2274 erit,
572 2205 759 2275 fortiS,
775 2207 996 2280 justae.
1074 2202 1522 2280 ‘sapiensnetv
1592 2202 1815 2267 Etiam,
1837 2207 1901 2258 et
1918 2219 2046 2272 rex,

182 2284 264 2341 Et
292 2286 577 2361 quicquid
607 2287 787 2344 volet.
876 2285 1030 2355 Hoc,
1064 2285 1252 2343 veluti
1288 2284 1509 2342 virtute
1538 2289 1839 2358 paratum,

185 2364 468 2438 Speravit
498 2385 754 2440 magnae
785 2366 953 2423 laudi
984 2366 1126 2423 fore.
1218 2365 1376 2439 Quid
1410 2364 1605 2422 simile
1635 2362 1738 2418 isti

183 2445 450 2504 Graecus
484 2445 880 2522 Aristippus?
925 2446 1026 2522 qui
1058 2464 1268 2502 servos
1298 2445 1586 2520 projicere
1617 2459 1832 2500 aurum
1965 2447 2074 2502 100

181 2525 257 2582 In
289 2527 488 2582 media
519 2527 706 2600 jussit
739 2526 958 2602 Libya,
992 2527 1135 2600 quia
1166 2526 1400 2583 tardius
1431 2526 1589 2582 irent

91 2636 134 2679 ,ι
183 2605 442 2680 Propter
471 2624 623 2662 onus
653 2625 889 2681 segnes.
979 2606 1135 2663 Uter
1162 2612 1259 2663 est
1289 2605 1559 2662 insanior
1588 2599 1849 2659 horum?
1873 2630 1948 2643 --

81 2670 128 2763 i.)
181 2685 285 2743 Nil
317 2687 447 2759 agit
476 2688 835 2762 exemplum,
870 2687 1035 2744 litem
1069 2687 1232 2761 quod
1263 2686 1368 2742 lite
1398 2684 1663 2742 resolvit.

71 2772 86 2847 i

185 2765 248 2823 Si
281 2767 417 2839 quis
447 2773 609 2823 emat
639 2767 922 2835 citharas,
953 2772 1192 2841 emptas
1222 2770 1559 2839 comportet
1590 2763 1650 2819 in
1680 2778 1888 2830 unum,

89 2860 96 2871 ¹
182 2845 542 2915 chstudio
573 2846 839 2904 citharae
870 2865 978 2903 nec
1008 2846 1226 2902 Musae
1257 2845 1497 2903 deditus
1528 2843 1652 2912 ulli,
1961 2845 2071 2902 105

187 2929 249 2983 :121
282 2926 516 3002 scalpra
543 2932 606 2983 et
634 2927 860 2983 formas
891 2944 1012 2982 non
1044 2932 1231 2996 sutor,
1266 2924 1511 2982 nautica
1541 2922 1677 2978 vela

185 3006 457 3064 Aversus
486 3008 859 3073 mercaturis
893 3006 1118 3063 delirus
1150 3012 1213 3061 et
1244 3023 1453 3060 amens

186 3085 470 3160 Undique
503 3086 735 3143 dicatur
764 3087 994 3144 meritO.
1085 3086 1203 3158 Qui
1238 3085 1539 3160 discrepat
1567 3082 1704 3138 istis

308 3268 363 3314 75
388 3268 551 3313 Perilli
674 3269 731 3312 93
754 3267 931 3326 periret
1042 3268 1099 3310 96
1121 3267 1417 3310 contraxerit
1539 3264 1595 3309 97
1620 3263 1907 3322 sapiensque

618 3326 703 3373 107
728 3328 958 3374 adversus
1084 3327 1167 3370 108
1186 3326 1304 3385 quid
1428 3326 1514 3369 108
1537 3325 1628 3367 iste
