2367 3784
1110 182 1241 245 2-4
1988 184 2105 251 117

416 358 577 416 Haec
605 356 708 414 ubi
737 355 978 414 locutus
1010 356 1315 414 fenerator
1345 355 1564 429 Alfius,

484 437 622 494 Jam
660 439 791 511 jam
835 437 1079 494 futurus
1124 437 1403 507 rusticus,

416 517 666 575 Omnem
694 516 952 592 'redegit
992 516 1209 574 Idibus
1249 517 1668 591 pecuniam-

488 597 738 671 Quaerit
780 595 1083 654 Kalendis
1123 614 1364 672 ponere.
2045 585 2119 647 70

1122 809 1244 868 ΙΙΙ.

486 932 770 992 Parentis
812 933 958 990 olim
1001 932 1055 990 si
1099 933 1236 1008 quis
1278 933 1467 1009 impia
1509 952 1697 992 manu

569 1013 771 1071 Senile
814 1018 1031 1088 guttur
1071 1011 1338 1088 fregerit,

484 1093 636 1151 Edit
678 1093 890 1151 cicutis
935 1093 1146 1150 allium
1192 1094 1524 1152 nocentius,

568 1172 620 1231 Ο
666 1173 820 1232 dura
861 1189 1201 1231 messorum
1244 1172 1384 1231 ilial

485 1253 647 1328 Quid
678 1254 792 1312 hoe
820 1253 1039 1311 veneni
1069 1253 1270 1312 saevit
1297 1254 1361 1310 in
1388 1252 1807 1330 praecordiis?
2069 1259 2105 1315 5
2206 1246 2211 1253 ’

567 1333 730 1391 Num
777 1333 1084 1410 viperinus
1126 1332 1224 1391 his
1264 1350 1441 1392 cruor

488 1413 777 1472 Incoctus
807 1413 1010 1471 herbis
1039 1432 1134 1471 me
1164 1412 1430 1472 fefellit?
1475 1432 1552 1472 an
1582 1414 1778 1473 malas

571 1493 832 1553 Canidia
872 1494 1163 1552 tractavit
1205 1493 1440 1572 dapes?

484 1574 578 1633 Ut
605 1574 1006 1649 Argonautas
1036 1580 1279 1650 praeter
1308 1592 1520 1632 omnes
1549 1575 1876 1634 candidum

567 1653 791 1712 Medea
832 1653 1055 1712 mirata
1095 1661 1192 1713 est
1232 1655 1464 1726 ducem,
2037 1655 2109 1712 10

486 1733 716 1810 Ignota
756 1735 952 1792 tauris
994 1734 1370 1810 illigaturum
1402 1737 1557 1811 juga

570 1814 866 1873 Perunxit
908 1813 1021 1872 hoc
1074 1816 1396 1889 Iasonem3

489 1894 629 1954 Hoc
671 1895 960 1953 delibutis
1002 1895 1135 1953 ulta
1174 1895 1351 1953 donis
1392 1895 1669 1973 pellicem
1736 1919 1777 1949 ει

570 1974 864 2052 Serpente
907 1975 1067 2052 fugit
1109 1974 1271 2034 alite.

489 2054 621 2114 Nec
647 2061 861 2114 tantus
888 2073 1179 2132 umquam
1210 2055 1478 2114 siderum
1509 2056 1733 2114 insedit
1763 2072 1956 2133 vapor
2035 2055 2105 2111 15

568 2135 933 2195 Sitieulosae
978 2135 1260 2212 Apuliae,

488 2215 619 2274 Nec
646 2233 872 2273 munus
901 2215 1170 2274 humeris
1200 2215 1456 2275 efficacis
1486 2215 1770 2274 Herculis

565 2296 797 2354 Inarsit
838 2296 1202 2355 aestuosius.

488 2375 579 2435 At
607 2376 660 2434 si
690 2375 838 2452 quid
868 2394 1157 2452 umquam
1185 2376 1307 2434 tale
1338 2375 1770 2453 concupiveriS,

565 2456 792 2515 Jocose
834 2454 1180 2527 MaecenaS,
1225 2472 1438 2532 precor
2033 2455 2109 2511 20

486 2535 739 2595 Manum
781 2536 985 2611 puella
1026 2535 1197 2593 savio
1240 2540 1504 2613 opponat
1546 2541 1670 2607 tu0,

566 2616 860 2676 Extrema
900 2622 963 2675 et
1005 2617 1067 2673 in
1110 2616 1348 2692 sponda
1389 2616 1582 2674 cubet.

1127 2842 1242 2901 IV.

490 2962 683 3040 Lupis
715 2970 778 3022 et
807 2964 987 3039 agnis
1015 2969 1249 3039 quanta
1277 2963 1494 3021 sortito
1522 2962 1762 3037 obtigit,

566 3043 793 3102 Tecum
835 3043 981 3102 mihi
1028 3043 1334 3102 discordia
1375 3049 1487 3112 est,

491 3122 797 3181 Hibericis
838 3129 1082 3199 peruste
1125 3123 1376 3181 funibus
1421 3123 1586 3180 latus

565 3203 649 3262 Et
690 3220 867 3262 crura
910 3203 1062 3261 dura
1103 3196 1409 3278 compede.

346 3359 403 3409 6⁷
417 3359 626 3422 Alphius
690 3361 747 3406 69
770 3360 942 3417 relegit
988 3361 1030 3461 ⁰3
1052 3359 1166 3403 edat
1230 3360 1255 3402 3
1281 3359 1428 3403 alium
1493 3358 1548 3401 13
1570 3356 1803 3415 paelicem
1866 3355 1923 3398 1⁹
1945 3356 2030 3397 ant

678 3421 737 3465 2⁰
760 3421 966 3465 iocosae
1012 3434 1088 3462 om
1071 3420 1219 3462 {rectu
1192 3433 1251 3460 ra
1435 3417 1489 3461 21
1515 3416 1681 3459 suavio
