2367 3784
241 113 360 172 160
779 123 1066 171 nonni
1117 123 1560 170 SArmAavM

248 299 481 355 Trebat.
531 298 775 370 Quanto
805 297 1029 354 rectius
1062 298 1191 365 hoe,
1225 315 1408 370 quam
1440 296 1599 354 tristi
1629 296 1865 352 laedere
1898 312 2083 350 versu

233 378 638 436 Pantolabum·
667 396 957 434 scurram
990 378 1564 451 Nomentanumque
1595 383 1881 450 nepotem,

236 457 392 516 Cum
417 458 531 514 sibi
554 458 810 533 quisque
836 457 1028 526 timet,
1048 475 1421 533 quamquam
1444 465 1541 514 est
1563 456 1847 525 intactuS,
1863 461 1925 512 et
1948 452 2111 511 odit!

314 618 526 675 Horat.
564 618 724 691 Quid
757 616 1022 674 faciam?
1113 617 1314 676 Saltat
1338 618 1644 687 Milonius,
1670 622 1740 674 ut
1770 615 1956 674 semel
1985 616 2112 673 icto

235 698 517 755 Accessit
546 699 745 755 fervor
773 699 957 772 capiti
989 716 1393 773 numerusque
1422 699 1680 756 lucernis
1706 718 1719 769 3
2030 697 2109 754 25

237 777 458 838 Castor
486 779 714 853 gaudet
743 779 933 854 equis,
969 797 1085 835 ovo
1113 786 1451 854 prognatus
1481 780 1687 835 eodem

236 857 507 933 Pugnis3
550 865 699 934 quot
728 859 997 935 capitum
1031 859 1264 928 vivunt,
1297 859 1552 915 totidem
1583 858 1922 916 studiorum

235 937 444 996 Milia:
489 957 583 995 me
616 941 874 1013 pedibus
906 939 1168 996 delectat
1198 939 1475 1000 claudere
1510 939 1689 995 verba

237 1017 432 1075 Lucili
464 1019 600 1088 ritu,
637 1020 911 1076 nostrum
945 1019 1212 1075 melioris
1245 1025 1511 1094 utroque.

231 1096 345 1155 Ille
377 1099 543 1156 velut
566 1099 697 1156 fidis
730 1117 950 1156 arcana
984 1099 1470 1155 sodalibusffolim
2029 1098 2111 1152 30

237 1178 534 1237 Credebat
563 1179 747 1249 libris,
782 1197 993 1255 neque,
1028 1179 1079 1235 si
1110 1179 1268 1235 male
1301 1186 1579 1249 cesserat,
1614 1197 1871 1255 usquam

236 1258 577 1316 Decurrens
608 1259 742 1329 alio,
775 1278 968 1335 neque
1001 1259 1053 1315 si
1084 1259 1271 1331 bene3
1314 1277 1433 1334 quo
1467 1260 1530 1315 lit
1560 1265 1626 1316 ut
1650 1259 1847 1315 omnis

237 1338 464 1396 Votiva
493 1345 698 1414 pateat
732 1340 920 1396 veluti
951 1339 1256 1413 descripta
1285 1339 1513 1396 tabella

239 1419 385 1476 Vita
415 1420 593 1476 senis,
685 1418 919 1495 Sequor
944 1419 1119 1488 hune,
1150 1420 1436 1476 Lucanus
1469 1438 1547 1476 an
1571 1419 1813 1493 Apulus
1839 1436 2105 1494 anceps:

238 1498 394 1556 Nam
427 1499 782 1556 Venusinus
813 1505 945 1556 arat
975 1499 1149 1556 finem
1181 1500 1295 1556 sub
1328 1508 1646 1574 utrumque
1678 1499 1938 1567 colonus
2025 1501 2107 1556 35

235 1578 466 1637 Missus
499 1580 576 1636 ad
608 1580 735 1648 hoc,
768 1580 978 1654 pulsiS‚
1017 1587 1192 1636 vetus
1222 1589 1317 1637 est
1345 1586 1415 1637 ut
1443 1580 1624 1649 fama,
1660 1579 1935 1648 Sabellis,

236 1659 370 1732 Quo
401 1678 473 1716 nc
508 1678 609 1734 per
642 1678 897 1716 vacuum
935 1661 1214 1716 Romano
1246 1661 1576 1717 incurreret
1607 1660 1816 1726 hostis,

237 1739 381 1797 Sive
413 1741 573 1814 quod
605 1741 809 1815 Apula
839 1758 989 1814 gens
1022 1758 1129 1796 seu
1159 1741 1319 1815 quod
1352 1740 1623 1797 Lucania
1653 1740 1876 1796 bellum

233 1817 543 1877 Incuteret
577 1820 854 1878 violenta.
945 1819 1063 1877 Sed
1096 1820 1194 1876 hie
1225 1821 1404 1877 stilus
1434 1820 1597 1877 haud
1625 1826 1791 1895 petet
1819 1819 1987 1876 ultro⁴

235 1898 612 1974 Quemquam
638 1901 1029 1967 animantem,
1056 1906 1113 1956 ct
1146 1918 1238 1957 me
1271 1901 1459 1957 veluti
1492 1901 1793 1958 custodiet
1819 1899 1985 1955 ensis
2029 1901 2111 1955 40

234 1979 480 2053 Vagina
510 1990 741 2052 tectus3
785 1998 964 2056 quem
988 1998 1091 2036 cur
1121 1981 1496 2055 destringere
1527 1998 1721 2049 coner,

233 2060 429 2117 Tutus
461 2061 537 2117 ab
566 2060 803 2117 infestis
834 2058 1217 2117 latronibus?
1306 2059 1356 2118 Ο
1388 2067 1562 2135 pater
1589 2067 1650 2116 et
1679 2079 1780 2117 rex

234 2140 276 2198 J
282 2141 537 2216 uppiter‚
573 2147 639 2197 ut
669 2148 874 2215 pereat
901 2141 1171 2216 positum
1202 2141 1473 2214 robigine
1502 2141 1708 2211 telum,

235 2220 364 2278 Nec
394 2221 714 2295 quisquam
746 2227 961 2278 noceat
993 2221 1213 2295 cupido
1242 2221 1392 2277 mihi
1423 2219 1623 2296 pacis!
1708 2220 1797 2278 At
1825 2220 1926 2277 illc

236 2301 352 2374 Qui
386 2320 477 2358 me
508 2301 839 2370 commorit,
875 2301 920 2377 (‘
942 2301 1160 2358 melius
1192 2319 1310 2357 non
1342 2299 1625 2376 tangere!
1648 2302 1662 2330 ’
1692 2298 1938 2372 clamo,)
2027 2296 2105 2353 45

234 2380 451 2448 Flebit,
486 2387 548 2437 et
579 2381 838 2455 insignis
869 2386 1001 2438 tota
1031 2381 1378 2438 cantabitur
1406 2383 1564 2438 urbe.

237 2460 490 2519 Cervius
521 2461 711 2517 iratus
739 2461 905 2535 leges
935 2462 1252 2518 minitatur
1280 2467 1341 2518 et
1370 2479 1600 2532 urnam,

236 2540 495 2599 Canidia
526 2541 743 2598 Albuci
778 2542 995 2616 quibus
1026 2547 1121 2598 est
1150 2541 1395 2598 inimica
1422 2560 1740 2610 venenum,

235 2620 476 2680 Grande
509 2621 733 2677 malum
768 2621 1007 2693 TuriuS,
1042 2622 1091 2677 si
1124 2622 1269 2696 quid
1300 2639 1363 2679 se
1384 2622 1587 2695 judice
1619 2629 1826 2679 certes⁸

233 2699 323 2757 Ut
352 2719 468 2776 quo
499 2701 752 2776 quisque
784 2701 950 2759 valet
982 2708 1298 2777 suspectos
1328 2707 1567 2771 terreat,
1602 2708 1785 2776 utque
2029 2695 2107 2752 50

234 2780 497 2855 Imperet
523 2781 635 2837 hoc
665 2788 883 2838 natura
912 2789 1146 2857 potenS,
1181 2783 1269 2839 sic
1300 2782 1515 2856 collige
1546 2799 1815 2838 mecum:

238 2860 431 2916 Dente
463 2861 657 2936 lupuS,
692 2879 875 2919 cornu
905 2868 1118 2918 taurus
1147 2862 1335 2938 petit:
1378 2863 1538 2918 unde
1572 2862 1683 2917 nisi
1720 2862 1885 2918 intus

237 2939 694 2998 Monstratum‘?
783 2942 1046 2999 Scaevae
1080 2943 1353 2999 vivacem
1383 2944 1554 2999 crede
1586 2942 1790 3016 nepoti

236 3018 494 3076 Matrem
520 3041 533 3093 3
578 3021 661 3076 nil
693 3022 872 3079 faciet
896 3023 1137 3079 sceleris
1167 3023 1268 3097 pia
1296 3022 1572 3079 dextera:
1619 3022 1857 3090 mirum,

237 3097 324 3155 Ut
353 3117 543 3174 neque
574 3101 736 3158 calce
767 3102 943 3177 lupus
974 3120 1339 3177 quemquam
1363 3120 1558 3177 neque
1583 3102 1762 3158 deute
1781 3102 1941 3176 petit
1961 3101 2101 3157 bos:

238 3178 358 3236 Sed
387 3180 550 3237 mala
578 3181 750 3238 tollet
781 3199 961 3238 anum
994 3182 1209 3239 vitiato
1238 3182 1414 3240 melle
1445 3183 1657 3240 cicuta.
2037 3189 2112 3246 56

296 3329 350 3373 31
377 3333 631 3387 gesserat
684 3330 739 3375 31
762 3344 1000 3401 umquam
1085 3331 1405 3394 34Apu1us
1485 3334 1540 3376 38
1564 3333 1676 3402 App
1678 3332 1761 3381 ula
1842 3320 1901 3376 39
1923 3331 2049 3391 petit

385 3390 440 3433 4-1
466 3378 753 3446 distringere
817 3391 874 3434 43
897 3390 1119 3447 rubigine
1181 3346 1245 3436 ὦ
1264 3391 1431 3439 Albuti
1494 3394 1552 3437 49
1570 3393 1610 3436 ai
1631 3392 1768 3452 quie.
1786 3393 1964 3436 mel-tet
