2367 3784
917 170 1063 216 Lm.
1113 169 1162 215 1.
1221 152 1434 214 16-18
2029 149 2110 213 31

481 331 742 407 Impune
774 335 976 387 tutum
1003 346 1112 405 per
1140 345 1359 385 nemus
1390 328 1643 385 arbutos
2037 323 2074 380 5

481 412 797 485 Quaerunt
825 410 1086 467 latentes
1115 414 1178 466 et
1205 401 1427 483 thyma
1455 408 1672 465 deviae

643 490 884 549 Olentis
928 507 1146 547 uxores
1189 488 1413 558 mariti,

720 570 850 628 Nec
880 570 1106 626 virides
1135 574 1418 626 metuunt
1445 552 1728 626 colubras

480 652 609 710 Nec
638 651 959 708 Martiales
992 649 1322 707 Haediliae
1353 649 1547 724 lupOS,

482 732 826 807 Utcumque
857 731 1036 800 dulci,
1073 730 1362 806 Tyndari,
1395 729 1600 787 fistula
2035 723 2105 781 10

643 812 859 869 Valles
900 818 962 869 et
1005 811 1261 869 Usticae
1304 809 1585 868 cubantis

721 892 917 950 Levia
959 909 1322 967 personuere
1367 907 1532 949 saxa.

480 972 560 1030 Di
588 991 686 1032 me
714 979 979 1042 tuentur,
1015 973 1109 1030 dis
1137 972 1338 1047 pietas
1366 989 1504 1027 mea
1605 1032 1614 1039 ,

483 1053 567 1111 Et
595 1053 779 1110 Musa
807 1053 972 1111 cordi
1003 1058 1113 1110 est.
1209 1052 1329 1110 Hie
1356 1051 1469 1108 tibi
1500 1050 1676 1125 eopia

642 1133 927 1191 Manabit
958 1133 1035 1189 ad
1064 1133 1314 1209 plenum
1340 1132 1608 1207 benigno
2029 1125 2120 1197 15κ

722 1214 912 1272 Ruris
932 1211 1243 1271 honorum
1275 1212 1561 1286 opulenta
1590 1168 1824 1282 corn-ff}

490 1294 607 1352 Hic
634 1296 697 1351 in
728 1295 981 1351 reducta
1008 1294 1169 1350 valle
1203 1292 1528 1350 Caniculae

489 1374 734 1432 Vitabis
766 1380 990 1444 aestuS‚
1023 1380 1085 1431 et
1114 1373 1230 1430 fide
1263 1371 1409 1429 Teia
1515 1352 1588 1424 A»
1609 1394 1892 1431 tenesmum

644 1454 826 1512 Dices
867 1455 1219 1512 laborantes
1262 1453 1325 1511 in
1366 1471 1486 1510 uno

727 1534 1075 1627 Penelopen
1106 1535 1483 1608 vitreamque
1516 1533 1766 1604 Circen;
2027 1523 2104 1580 20

488 1616 607 1673 Hic
636 1615 976 1673 innocentis
1004 1615 1225 1691 pocula
1247 1614 1451 1672 Lesbii

486 1694 691 1753 Duces
720 1696 834 1752 sub
864 1696 1098 1765 umbra,
1128 1713 1240 1752 nec
1273 1683 1606 1752 Semeleius
1967 1738 1974 1751 ,

647 1774 803 1834 Cum
834 1775 1035 1833 Marte
1065 1775 1395 1832 confundet
1424 1773 1760 1849 Thyoneus
1841 1804 1862 1831 s
1897 1838 1902 1847 Ι
1985 1828 2032 1843 ‚f
2111 1836 2120 1843 ,

725 1855 986 1927 Proelia,
1020 1873 1129 1913 nec
1157 1860 1394 1912 metues
1422 1861 1774 1929 protervum
1845 1878 1852 1882 ·
1909 1888 1916 1895 ,
1997 1898 2006 1923 .,

490 1935 785 2012 Suspecta
816 1935 1063 2012 Cyrum,
1095 1953 1170 1993 ne
1202 1934 1357 1992 male
1388 1932 1614 2010 dispari
1989 1930 2104 2007 325

488 2014 946 2074 Incontinentes
976 2016 1209 2090 injiciat
1237 2032 1471 2084 manus,

648 2095 731 2152 Et
758 2096 998 2153 scindat
1027 2096 1379 2153 haerentem
1409 2109 1691 2151 coronam

726 2175 1013 2234 Crinibus
1042 2175 1533 2249 immeritamque
1564 2176 1816 2230 vestem.

236 2397 393 2489 ζὴ]
424 2410 491 2461 L.
525 2442 541 2461 ι
584 2402 619 2455 ἕ
656 2402 799 2465 2²1.
840 2396 865 2455 Ῑ
912 2392 1289 2491 ένμὶέῇῖῙΠ
1321 2436 1402 2465 εἰ,
1589 2334 1720 2454 κί’

247 2551 518 2623 Nullam,
554 2551 734 2623 Vare,
768 2569 942 2609 sacra
970 2518 1095 2608 vite
1123 2551 1293 2627 prius
1324 2551 1554 2609 severis
1585 2550 1862 2609 arborem

250 2631 432 2691 Circa
461 2632 609 2689 mite
641 2632 840 2690 solum
871 2631 1120 2689 Tiburis
1149 2637 1213 2689 et
1239 2632 1481 2689 moenia
1513 2630 1698 2689 Catili
1722 2652 1737 2689 t

14 2764 23 2771 .
110 2724 215 2783 4„
252 2710 445 2783 Siccis
474 2711 676 2770 omnia
703 2730 848 2770 nam
878 2712 1030 2769 dura
1060 2712 1211 2769 deus
1239 2711 1572 2788 proposuit,
1604 2729 1799 2788 neque

250 2790 571 2849 Mordaces
601 2793 775 2849 aliter
804 2791 1133 2865 diffugiunt
1162 2791 1619 2849 sollicitudines,

252 2871 405 2946 Quis
421 2877 562 2948 post
581 2873 726 2929 vina
745 2889 994 2946 gravem
1013 2872 1298 2929 militiam
1319 2876 1424 2929 aut
1440 2872 1793 2946 pauperiem
1810 2871 2055 2947 crepat?
2070 2877 2105 2935 5

252 2951 406 3026 Quis
425 2969 547 3008 non
564 2957 625 3009 te
645 2953 865 3029 potine,
888 2952 1127 3010 Bacche
1145 2959 1334 3027 pater,
1354 2956 1550 3026 teque,
1575 2952 1794 3010 decens
1813 2951 2030 3011 Venus
2046 2953 2075 3015 P

250 3031 341 3088 At
372 3049 444 3088 ne
475 3032 613 3107 quis
641 3033 863 3090 modici
893 3032 1205 3090 transiliat
1234 3049 1487 3088 munera
1517 3031 1742 3102 Liberi,

252 3108 599 3170 Centaurea
627 3117 835 3170 monet
862 3130 999 3170 cum
1030 3111 1319 3187 Lapithis
1347 3111 1480 3169 rixa
1510 3129 1692 3187 super
1718 3129 1886 3169 mero

252 3189 594 3262 Debellata,
623 3199 830 3250 monet
862 3191 1160 3251 Sithoniis
1191 3209 1314 3248 non
1342 3191 1495 3249 levis
1526 3191 1739 3264 Euius,

374 3345 401 3388 5
424 3347 577 3390 totum
702 3347 728 3390 8
750 3347 969 3392 colubros
1095 3346 1153 3389 14
1173 3344 1287 3390 hine
1411 3346 1467 3390 25
1490 3359 1576 3392 neo
1700 3348 1725 3390 5
1748 3346 1967 3407 increpat

816 3405 843 3453 Ἰ
865 3420 920 3452 ω
1436 3406 1463 3450 9
1486 3405 1672 3450 Euhius
