2367 3784
952 143 1096 191 ΜΒ.
1146 146 1195 192 1.
1245 133 1287 191 4
1746 84 1751 89 Ι
1930 133 2051 196 141

219 300 514 380 Ingenium
541 302 638 360 cui
668 304 767 371 sit,
799 302 895 360 cui
925 321 1097 361 mens
1132 303 1400 362 divinior
1427 311 1609 379 atque
1639 322 1709 362 os

218 384 425 458 Magna
453 388 828 451 sonaturum,
861 383 969 439 des
998 383 1264 441 nominis
1295 384 1475 459 hujus
1504 383 1810 443 honorem.

217 464 424 521 Idcirco
452 462 699 537 quidam
730 463 1043 520 comoedia
1071 481 1260 520 necne
1287 467 1504 539 poema
1982 464 2057 521 45

217 543 378 601 Esset
404 542 607 617 quaesi
619 541 773 611 vere,
807 543 970 617 quod
999 560 1136 600 acer
1164 545 1419 617 spiritus
1448 562 1518 601 ac
1546 545 1643 601 vis

215 623 265 681 N
269 642 328 681 ec
353 623 546 679 verbis
574 641 686 680 nec
714 622 896 680 rebus
926 623 1104 692 inest,
1137 624 1258 680 nisi
1287 624 1446 699 quod
1479 624 1631 698 pede
1660 631 1824 683 certo

214 703 406 762 Differt
434 703 713 772 sermoni,
747 720 945 760 sermo
975 721 1195 761 merus.
1286 710 1316 735 “
1340 704 1429 761 At
1458 713 1632 780 pater
1660 705 1879 763 ardens

213 784 416 852 Saevit,
447 783 606 858 quod
636 784 949 841 meretrice
979 801 1172 841 nems
1202 785 1455 841 insanus
1484 785 1679 841 amica

213 864 385 920 Filius
413 881 659 920 uxorem
689 864 909 938 grandi
938 881 1076 921 cum
1107 867 1248 922 dote
1277 870 1530 935 recuset,
1981 865 2058 921 50

212 944 411 1001 Ebrius
438 953 500 1000 et
531 943 856 1018 (magnum
882 944 1044 1018 quod
1074 945 1365 1015 dedecus)
1399 945 1667 1002 ambulet
1695 954 1835 1003 ante

210 1024 444 1081 Noctem
474 1042 608 1081 cum
641 1024 933 1082 facibuS.''
1017 1024 1331 1101 Numquid
1362 1023 1739 1101 Pomponius
1766 1025 1902 1083 istis

210 1105 450 1163 Audiret
478 1104 729 1174 leviora,
760 1112 932 1180 pater
961 1104 1012 1162 si
1045 1103 1321 1163 viveret?
1407 1106 1573 1180 Ergo

210 1185 259 1242 N
263 1204 333 1242 on
362 1185 513 1241 satis
541 1190 639 1242 est
666 1185 835 1260 puris
864 1203 1110 1242 versum
1140 1185 1509 1261 perscribere
1542 1186 1761 1256 verbiS,

211 1266 386 1339 Quem
415 1264 468 1320 si
499 1264 820 1336 dissolvas,
853 1266 1058 1341 quivis
1088 1265 1504 1323 stomachetur
1531 1266 1744 1322 eodem
1980 1266 2055 1323 55

210 1347 329 1419 Quo
355 1351 719 1420 personatus
747 1353 926 1420 paeto
954 1351 1139 1422 pater.
1231 1345 1367 1413 His,
1399 1362 1514 1419 ego
1546 1363 1698 1421 quae
1729 1363 1909 1411 nunc.

208 1424 354 1482 Olim
382 1443 534 1500 quae
566 1426 814 1501 scripsit
845 1425 1136 1496 LuciliuS,
1168 1427 1394 1500 eripias
1425 1426 1477 1481 si

208 1505 486 1580 Tempora
514 1511 682 1563 certa
712 1506 1061 1582 modosque,
1087 1511 1150 1562 et
1177 1506 1341 1581 quod
1363 1506 1532 1582 prius
1563 1505 1771 1562 ordine
1798 1508 2051 1563 verbum

422 1591 519 1643 est

211 1665 501 1723 Posterius
532 1666 740 1737 faciaS,
771 1684 1153 1742 praeponens
1182 1666 1403 1723 ultima
1433 1666 1664 1741 primiS,

208 1745 345 1814 Non,
377 1752 445 1803 ut
473 1747 526 1803 si
556 1747 763 1804 solvas
794 1751 827 1777 “
849 1747 1183 1821 Postquam
1215 1747 1550 1804 Discordia
1577 1751 1775 1802 taetra
1978 1754 2052 1810 60

210 1826 356 1884 Belli
381 1824 671 1901 ferratos
689 1832 900 1902 postes
918 1831 1251 1902 portasque
1281 1824 1605 1901 refreyz‘t‚''

208 1906 479 1963 Invenias
507 1907 698 1963 etiam
727 1906 963 1980 disjecti
993 1907 1265 1963 membra
1292 1909 1523 1982 poetae.

277 2074 587 2133 Hactenus
619 2075 802 2133 haec:
848 2076 1003 2132 alias
1036 2076 1273 2148 justum
1306 2075 1389 2132 sit
1422 2092 1607 2131 necne
1637 2079 1867 2148 poema,

209 2154 368 2212 Nunc
397 2155 550 2212 illud
579 2162 822 2212 tantum
851 2172 1158 2231 quaeram,
1192 2155 1486 2211 meritone
1516 2154 1625 2212 tibi
1656 2154 1736 2209 sit

213 2234 555 2310 Suspectum
586 2252 783 2309 genus
814 2235 929 2292 hoc
960 2234 1278 2292 scribendi.
1369 2233 1610 2292 Sulcius
1641 2251 1776 2290 acer
1979 2233 2052 2289 65

211 2314 485 2371 Ambulat
515 2320 578 2372 et
610 2315 886 2391 Caprius,
919 2315 1086 2371 rauci
1114 2314 1272 2371 male
1303 2331 1559 2388 cumque
1591 2312 1824 2382 libellis,

210 2394 462 2469 Magnus
493 2402 745 2470 uterque
777 2395 961 2452 timor
989 2394 1368 2467 latronibus3
1415 2401 1479 2451 at
1509 2394 1660 2450 bene
1693 2393 1742 2449 si
1775 2393 1914 2468 quis

209 2474 283 2531 Et
308 2475 475 2533 vivat
503 2476 673 2551 puris
703 2476 1001 2541 manibus,
1034 2480 1386 2532 contemnat
1415 2480 1754 2548 utrumque.

210 2554 287 2612 Ut
313 2555 396 2612 sis
423 2560 494 2612 tu
524 2555 744 2612 similis
777 2554 948 2613 Caeli
979 2555 1259 2629 Birrique
1290 2555 1613 2623 latronum,

210 2633 337 2692 Non
364 2653 476 2709 ego
510 2653 646 2692 sum
682 2635 865 2710 Capri
895 2653 1086 2711 neque
1122 2634 1320 2693 Sulci:
1366 2652 1471 2693 cur
1498 2640 1737 2691 metuas
1767 2630 1906 2689 me?
1981 2631 2054 2691 70

208 2713 381 2771 Nulla
407 2716 661 2772 taberna
688 2733 856 2773 meos
887 2716 1111 2773 habeat
1142 2734 1335 2791 neque
1364 2716 1490 2790 pila
1519 2713 1772 2782 libellos,

211 2777 346 2867 Quls
372 2791 588 2853 manus
618 2788 861 2853 insudet
890 2796 1056 2871 volgi
1089 2796 1619 2869 Hermogenisque
1652 2792 1905 2866 Tigelli:

207 2871 325 2931 Nec
351 2876 534 2932 recito
564 2876 850 2951 cuiquam
881 2877 998 2933 nisi
1033 2877 1263 2947 amiciS‚
1297 2877 1477 2952 idque
1508 2880 1772 2941 coactus,

207 2953 337 3011 Non
364 2956 562 3013 ubivis
591 2973 873 3014 coramve
904 2924 1296 3032 quibuslibet.
1385 2957 1456 3013 In
1488 2954 1688 3011 medio
1718 2953 1820 3028 qui

207 3032 431 3109 Scripta
458 3037 585 3093 foro
614 3036 869 3093 recitent
900 3041 1043 3093 sunt
1072 3037 1268 3106 multi,
1302 3037 1521 3112 quique
1553 3035 1865 3091 lavantes:
1987 3031 2058 3089 75

209 3112 397 3172 Suave
425 3116 591 3173 locus
622 3116 757 3172 voci
785 3122 1030 3172 resonat
1060 3117 1395 3174 conclusus.
1488 3117 1710 3173 Inanes

206 3192 335 3251 Hoc
364 3197 556 3269 juvat,
593 3195 758 3252 haud
787 3195 936 3252 illud
966 3202 1343 3271 quaerenteS,
1377 3214 1518 3252 num
1551 3195 1681 3251 sine
1713 3210 1912 3259 sensu,

286 3363 341 3404 49
362 3363 541 3406 insanit
666 3363 721 3405 60
746 3366 874 3405 tetra
997 3360 1052 3408 70
1078 3362 1166 3406 sim
1295 3362 1349 3406 '73
1374 3362 1566 3404 recitem
1692 3358 1715 3402 ’ἵ
1722 3360 1746 3399 5
1772 3356 1976 3398 recitant
