<?xml version="1.0" encoding="UTF-8"?>
<!DOCTYPE html PUBLIC "-//W3C//DTD XHTML 1.0 Transitional//EN"
    "http://www.w3.org/TR/xhtml1/DTD/xhtml1-transitional.dtd">
<html xmlns="http://www.w3.org/1999/xhtml" xml:lang="en" lang="en">
 <head>
  <title>
</title>
<meta http-equiv="Content-Type" content="text/html;charset=utf-8" />
  <meta name='ocr-system' content='tesseract 3.04.00' />
  <meta name='ocr-capabilities' content='ocr_page ocr_carea ocr_par ocr_line ocrx_word'/>
</head>
<body>
  <div class='ocr_page' id='page_1' title='image "./workshorace02chasgoog_0052.png"; bbox 0 0 2367 3784; ppageno 0'>
   <div class='ocr_carea' id='block_1_1' title="bbox 226 89 314 148">
    <p class='ocr_par' dir='ltr' id='par_1_1' title="bbox 226 89 314 148">
     <span class='ocr_line' id='line_1_1' title="bbox 226 89 314 148; baseline 0.011 -1"><span class='ocrx_word' id='word_1_1' title='bbox 226 89 314 148; x_wconf 82' lang='lat'>46</span> 
     </span>
    </p>
   </div>
   <div class='ocr_carea' id='block_1_2' title="bbox 779 101 1534 149">
    <p class='ocr_par' dir='ltr' id='par_1_2' title="bbox 779 101 1534 149">
     <span class='ocr_line' id='line_1_2' title="bbox 779 101 1534 149; baseline -0.003 -1"><span class='ocrx_word' id='word_1_2' title='bbox 779 101 1067 149; x_wconf 76' lang='lat' dir='ltr'><strong>HORA&#39;PI</strong></span> <span class='ocrx_word' id='word_1_3' title='bbox 1119 101 1534 149; x_wconf 57' lang='lat' dir='ltr'>CARMINVR</span> 
     </span>
    </p>
   </div>
   <div class='ocr_carea' id='block_1_3' title="bbox 464 259 2098 1604">
    <p class='ocr_par' dir='ltr' id='par_1_3' title="bbox 464 259 2098 1604">
     <span class='ocr_line' id='line_1_3' title="bbox 546 259 1486 318; baseline -0.002 0"><span class='ocrx_word' id='word_1_4' title='bbox 546 259 631 318; x_wconf 80' lang='lat' dir='ltr'>Et</span> <span class='ocrx_word' id='word_1_5' title='bbox 657 265 875 317; x_wconf 88' lang='lat' dir='ltr'>cuncta</span> <span class='ocrx_word' id='word_1_6' title='bbox 903 266 1199 317; x_wconf 87' lang='lat' dir='ltr'>terrarum</span> <span class='ocrx_word' id='word_1_7' title='bbox 1232 259 1486 316; x_wconf 86' lang='lat' dir='ltr'>subacta</span> 
     </span>
     <span class='ocr_line' id='line_1_4' title="bbox 629 337 1775 397; baseline -0.001 0"><span class='ocrx_word' id='word_1_8' title='bbox 629 339 878 397; x_wconf 80' lang='lat' dir='ltr'>Praeter</span> <span class='ocrx_word' id='word_1_9' title='bbox 910 348 1174 396; x_wconf 89' lang='lat' dir='ltr'>atrocem</span> <span class='ocrx_word' id='word_1_10' title='bbox 1208 339 1474 396; x_wconf 87' lang='lat' dir='ltr'>animum</span> <span class='ocrx_word' id='word_1_11' title='bbox 1510 337 1775 396; x_wconf 80' lang='lat' dir='ltr'>Catonis</span> 
     </span>
     <span class='ocr_line' id='line_1_5' title="bbox 465 418 2096 495; baseline -0.003 -17"><span class='ocrx_word' id='word_1_12' title='bbox 465 419 507 478; x_wconf 84' lang='lat' dir='ltr'>J</span> <span class='ocrx_word' id='word_1_13' title='bbox 515 438 649 489; x_wconf 88' lang='lat' dir='ltr'>un0,</span> <span class='ocrx_word' id='word_1_14' title='bbox 681 427 747 476; x_wconf 82' lang='lat' dir='ltr'>et</span> <span class='ocrx_word' id='word_1_15' title='bbox 772 420 1019 477; x_wconf 88' lang='lat' dir='ltr'>deorum</span> <span class='ocrx_word' id='word_1_16' title='bbox 1050 419 1330 495; x_wconf 88' lang='lat' dir='ltr'>quisquis</span> <span class='ocrx_word' id='word_1_17' title='bbox 1361 418 1610 476; x_wconf 83' lang='lat' dir='ltr'>amicior</span> <span class='ocrx_word' id='word_1_18' title='bbox 2022 421 2096 477; x_wconf 77' lang='lat'>25</span> 
     </span>
     <span class='ocr_line' id='line_1_6' title="bbox 469 500 1493 575; baseline -0.001 -18"><span class='ocrx_word' id='word_1_19' title='bbox 469 501 640 558; x_wconf 84' lang='lat' dir='ltr'>Afris</span> <span class='ocrx_word' id='word_1_20' title='bbox 670 500 865 557; x_wconf 86' lang='lat' dir='ltr'>inulta</span> <span class='ocrx_word' id='word_1_21' title='bbox 894 507 1159 557; x_wconf 78' lang='lat' dir='ltr'>cesserat.</span> <span class='ocrx_word' id='word_1_22' title='bbox 1191 501 1493 575; x_wconf 84' lang='lat' dir='ltr'>impotens</span> 
     </span>
     <span class='ocr_line' id='line_1_7' title="bbox 547 580 1441 653; baseline -0.001 -16"><span class='ocrx_word' id='word_1_23' title='bbox 547 580 801 648; x_wconf 82' lang='lat' dir='ltr'>Tellure,</span> <span class='ocrx_word' id='word_1_24' title='bbox 850 580 1143 637; x_wconf 87' lang='lat' dir='ltr'>victorum</span> <span class='ocrx_word' id='word_1_25' title='bbox 1187 587 1441 653; x_wconf 82' lang='lat' dir='ltr'>nepotes</span> 
     </span>
     <span class='ocr_line' id='line_1_8' title="bbox 624 658 1562 734; baseline -0.002 -16"><span class='ocrx_word' id='word_1_26' title='bbox 624 660 894 718; x_wconf 75' lang='lat' dir='ltr'>Rettulit</span> <span class='ocrx_word' id='word_1_27' title='bbox 925 660 1169 717; x_wconf 88' lang='lat' dir='ltr'>inferias</span> <span class='ocrx_word' id='word_1_28' title='bbox 1200 658 1562 734; x_wconf 82' lang='lat' dir='ltr'>Jugurthae.</span> 
     </span>
     <span class='ocr_line' id='line_1_9' title="bbox 468 739 1679 815; baseline -0.001 -18"><span class='ocrx_word' id='word_1_29' title='bbox 468 740 621 814; x_wconf 81' lang='lat' dir='ltr'>Quis</span> <span class='ocrx_word' id='word_1_30' title='bbox 652 759 770 798; x_wconf 89' lang='lat' dir='ltr'>non</span> <span class='ocrx_word' id='word_1_31' title='bbox 803 740 1027 798; x_wconf 88' lang='lat' dir='ltr'>Latino</span> <span class='ocrx_word' id='word_1_32' title='bbox 1063 740 1362 815; x_wconf 86' lang='lat' dir='ltr'>sanguine</span> <span class='ocrx_word' id='word_1_33' title='bbox 1393 739 1679 814; x_wconf 85' lang='lat' dir='ltr'>pinguior</span> 
     </span>
     <span class='ocr_line' id='line_1_10' title="bbox 467 819 2096 898; baseline -0.002 -19"><span class='ocrx_word' id='word_1_34' title='bbox 467 820 736 897; x_wconf 82' lang='lat' dir='ltr'>Campus</span> <span class='ocrx_word' id='word_1_35' title='bbox 767 820 1100 898; x_wconf 82' lang='lat' dir='ltr'>sepulchris</span> <span class='ocrx_word' id='word_1_36' title='bbox 1135 821 1322 896; x_wconf 84' lang='lat' dir='ltr'>impia</span> <span class='ocrx_word' id='word_1_37' title='bbox 1350 819 1578 895; x_wconf 76' lang='lat' dir='ltr'>proelia</span> <span class='ocrx_word' id='word_1_38' title='bbox 2023 821 2096 876; x_wconf 85' lang='lat'>30</span> 
     </span>
     <span class='ocr_line' id='line_1_11' title="bbox 548 900 1519 976; baseline -0.002 -17"><span class='ocrx_word' id='word_1_39' title='bbox 548 901 848 969; x_wconf 82' lang='lat' dir='ltr'>Testatur,</span> <span class='ocrx_word' id='word_1_40' title='bbox 884 901 1286 976; x_wconf 88' lang='lat' dir='ltr'>auditumque</span> <span class='ocrx_word' id='word_1_41' title='bbox 1317 900 1519 957; x_wconf 88' lang='lat' dir='ltr'>Medis</span> 
     </span>
     <span class='ocr_line' id='line_1_12' title="bbox 629 979 1552 1058; baseline -0.002 -19"><span class='ocrx_word' id='word_1_42' title='bbox 629 982 963 1058; x_wconf 82' lang='lat' dir='ltr'>Hesperiae</span> <span class='ocrx_word' id='word_1_43' title='bbox 995 983 1263 1039; x_wconf 89' lang='lat' dir='ltr'>sonitum</span> <span class='ocrx_word' id='word_1_44' title='bbox 1295 979 1552 1039; x_wconf 83' lang='lat' dir='ltr'>ruinae?</span> 
     </span>
     <span class='ocr_line' id='line_1_13' title="bbox 465 1061 1751 1139; baseline -0.001 -21"><span class='ocrx_word' id='word_1_45' title='bbox 465 1062 583 1137; x_wconf 78' lang='lat' dir='ltr'>Qui</span> <span class='ocrx_word' id='word_1_46' title='bbox 613 1081 837 1138; x_wconf 85' lang='lat' dir='ltr'>gurges</span> <span class='ocrx_word' id='word_1_47' title='bbox 868 1072 974 1121; x_wconf 87' lang='lat' dir='ltr'>aut</span> <span class='ocrx_word' id='word_1_48' title='bbox 1005 1081 1161 1139; x_wconf 86' lang='lat' dir='ltr'>quae</span> <span class='ocrx_word' id='word_1_49' title='bbox 1198 1062 1448 1118; x_wconf 86' lang='lat' dir='ltr'>flumina</span> <span class='ocrx_word' id='word_1_50' title='bbox 1476 1061 1751 1136; x_wconf 83' lang='lat' dir='ltr'>lugubris</span> 
     </span>
     <span class='ocr_line' id='line_1_14' title="bbox 466 1141 1621 1219; baseline -0.001 -20"><span class='ocrx_word' id='word_1_51' title='bbox 466 1141 691 1218; x_wconf 86' lang='lat' dir='ltr'>Ignara</span> <span class='ocrx_word' id='word_1_52' title='bbox 720 1145 858 1201; x_wconf 91' lang='lat' dir='ltr'>belli</span> <span class='ocrx_word' id='word_1_53' title='bbox 886 1143 911 1201; x_wconf 82' lang='lat'>⁴?</span> <span class='ocrx_word' id='word_1_54' title='bbox 954 1145 1115 1219; x_wconf 90' lang='lat' dir='ltr'>quod</span> <span class='ocrx_word' id='word_1_55' title='bbox 1146 1161 1312 1200; x_wconf 88' lang='lat' dir='ltr'>mare</span> <span class='ocrx_word' id='word_1_56' title='bbox 1343 1143 1621 1200; x_wconf 87' lang='lat' dir='ltr'>Dauniae</span> 
     </span>
     <span class='ocr_line' id='line_1_15' title="bbox 546 1220 2098 1283; baseline -0.003 -4"><span class='ocrx_word' id='word_1_57' title='bbox 546 1222 686 1280; x_wconf 88' lang='lat' dir='ltr'>Non</span> <span class='ocrx_word' id='word_1_58' title='bbox 730 1224 1149 1283; x_wconf 82' lang='lat' dir='ltr'>decoloravere</span> <span class='ocrx_word' id='word_1_59' title='bbox 1196 1221 1456 1281; x_wconf 85' lang='lat' dir='ltr'>caedes?</span> <span class='ocrx_word' id='word_1_60' title='bbox 2023 1220 2098 1275; x_wconf 78' lang='lat'>35</span> 
     </span>
     <span class='ocr_line' id='line_1_16' title="bbox 625 1302 1706 1377; baseline 0.002 -17"><span class='ocrx_word' id='word_1_61' title='bbox 625 1305 796 1377; x_wconf 77' lang='lat' dir='ltr'>Quae</span> <span class='ocrx_word' id='word_1_62' title='bbox 839 1312 1003 1363; x_wconf 88' lang='lat' dir='ltr'>caret</span> <span class='ocrx_word' id='word_1_63' title='bbox 1048 1322 1154 1362; x_wconf 82' lang='lat' dir='ltr'>ora</span> <span class='ocrx_word' id='word_1_64' title='bbox 1196 1322 1404 1362; x_wconf 86' lang='lat' dir='ltr'>cruore</span> <span class='ocrx_word' id='word_1_65' title='bbox 1449 1302 1706 1362; x_wconf 79' lang='lat' dir='ltr'>nostro?</span> 
     </span>
     <span class='ocr_line' id='line_1_17' title="bbox 467 1381 1628 1461; baseline 0.001 -21"><span class='ocrx_word' id='word_1_66' title='bbox 467 1381 587 1441; x_wconf 88' lang='lat' dir='ltr'>Sed</span> <span class='ocrx_word' id='word_1_67' title='bbox 620 1401 692 1441; x_wconf 90' lang='lat' dir='ltr'>ne</span> <span class='ocrx_word' id='word_1_68' title='bbox 722 1384 964 1453; x_wconf 76' lang='lat' dir='ltr'>relictiS,</span> <span class='ocrx_word' id='word_1_69' title='bbox 999 1385 1182 1443; x_wconf 90' lang='lat' dir='ltr'>Musa</span> <span class='ocrx_word' id='word_1_70' title='bbox 1209 1402 1450 1461; x_wconf 85' lang='lat' dir='ltr'>procax,</span> <span class='ocrx_word' id='word_1_71' title='bbox 1473 1385 1628 1458; x_wconf 90' lang='lat' dir='ltr'>jocis</span> 
     </span>
     <span class='ocr_line' id='line_1_18' title="bbox 464 1461 1507 1524; baseline 0.002 -3"><span class='ocrx_word' id='word_1_72' title='bbox 464 1461 625 1521; x_wconf 89' lang='lat' dir='ltr'>Ceae</span> <span class='ocrx_word' id='word_1_73' title='bbox 656 1472 946 1523; x_wconf 85' lang='lat' dir='ltr'>retractes</span> <span class='ocrx_word' id='word_1_74' title='bbox 976 1483 1229 1524; x_wconf 88' lang='lat' dir='ltr'>munera</span> <span class='ocrx_word' id='word_1_75' title='bbox 1260 1467 1507 1523; x_wconf 86' lang='lat' dir='ltr'>neniae:</span> 
     </span>
     <span class='ocr_line' id='line_1_19' title="bbox 543 1542 1480 1604; baseline 0.003 -3"><span class='ocrx_word' id='word_1_76' title='bbox 543 1542 786 1602; x_wconf 88' lang='lat' dir='ltr'>Mecum</span> <span class='ocrx_word' id='word_1_77' title='bbox 830 1545 1103 1604; x_wconf 89' lang='lat' dir='ltr'>Dionaeo</span> <span class='ocrx_word' id='word_1_78' title='bbox 1146 1547 1261 1604; x_wconf 89' lang='lat' dir='ltr'>sub</span> <span class='ocrx_word' id='word_1_79' title='bbox 1305 1555 1480 1604; x_wconf 88' lang='lat' dir='ltr'>antro</span> 
     </span>
    </p>
   </div>
   <div class='ocr_carea' id='block_1_4' title="bbox 624 1616 2212 1704">
    <p class='ocr_par' dir='ltr' id='par_1_4' title="bbox 624 1616 2212 1704">
     <span class='ocr_line' id='line_1_20' title="bbox 624 1616 2212 1704; baseline -0.004 -22"><span class='ocrx_word' id='word_1_80' title='bbox 624 1624 862 1699; x_wconf 82' lang='lat' dir='ltr'>Quaere</span> <span class='ocrx_word' id='word_1_81' title='bbox 906 1627 1120 1685; x_wconf 89' lang='lat' dir='ltr'>modos</span> <span class='ocrx_word' id='word_1_82' title='bbox 1164 1626 1392 1685; x_wconf 83' lang='lat' dir='ltr'>leviore</span> <span class='ocrx_word' id='word_1_83' title='bbox 1435 1627 1681 1704; x_wconf 85' lang='lat' dir='ltr'>plectro.</span> <span class='ocrx_word' id='word_1_84' title='bbox 2024 1624 2101 1677; x_wconf 80' lang='lat'>40</span> <span class='ocrx_word' id='word_1_85' title='bbox 2206 1616 2212 1623; x_wconf 84' lang='grc'><strong><em>’</em></strong></span> 
     </span>
    </p>
   </div>
   <div class='ocr_carea' id='block_1_5' title="bbox 1827 1884 1980 2007">
    <p class='ocr_par' dir='ltr' id='par_1_5' title="bbox 1122 1853 1980 2007">
     <span class='ocr_line' id='line_1_21' title="bbox 1827 1884 1980 2007; baseline 0 -97"><span class='ocrx_word' id='word_1_86' title='bbox 1827 1884 1980 2007; x_wconf 41' lang='grc' dir='ltr'><em>ᾧ</em></span> 
     </span>
    </p>
   </div>
   <div class='ocr_carea' id='block_1_6' title="bbox 458 1973 2096 3256">
    <p class='ocr_par' dir='ltr' id='par_1_6' title="bbox 458 1973 2096 3256">
     <span class='ocr_line' id='line_1_22' title="bbox 462 1973 1581 2051; baseline 0.004 -17"><span class='ocrx_word' id='word_1_87' title='bbox 462 1973 687 2034; x_wconf 91' lang='lat' dir='ltr'>Nullus</span> <span class='ocrx_word' id='word_1_88' title='bbox 732 1984 987 2051; x_wconf 87' lang='lat' dir='ltr'>argento</span> <span class='ocrx_word' id='word_1_89' title='bbox 1030 1977 1196 2034; x_wconf 90' lang='lat' dir='ltr'>color</span> <span class='ocrx_word' id='word_1_90' title='bbox 1236 1984 1332 2037; x_wconf 81' lang='lat' dir='ltr'>est</span> <span class='ocrx_word' id='word_1_91' title='bbox 1375 1980 1581 2039; x_wconf 86' lang='lat' dir='ltr'>avaris</span> 
     </span>
     <span class='ocr_line' id='line_1_23' title="bbox 461 2055 1501 2126; baseline 0.004 -12"><span class='ocrx_word' id='word_1_92' title='bbox 461 2055 692 2114; x_wconf 86' lang='lat' dir='ltr'>Abdito</span> <span class='ocrx_word' id='word_1_93' title='bbox 734 2057 928 2126; x_wconf 90' lang='lat' dir='ltr'>terris,</span> <span class='ocrx_word' id='word_1_94' title='bbox 976 2057 1216 2115; x_wconf 89' lang='lat' dir='ltr'>inimice</span> <span class='ocrx_word' id='word_1_95' title='bbox 1260 2058 1501 2118; x_wconf 88' lang='lat' dir='ltr'>lamnae</span> 
     </span>
     <span class='ocr_line' id='line_1_24' title="bbox 462 2134 1547 2216; baseline 0.004 -22"><span class='ocrx_word' id='word_1_96' title='bbox 462 2134 676 2210; x_wconf 84' lang='lat' dir='ltr'>Crispe</span> <span class='ocrx_word' id='word_1_97' title='bbox 723 2135 995 2205; x_wconf 85' lang='lat' dir='ltr'>Sallusti,</span> <span class='ocrx_word' id='word_1_98' title='bbox 1044 2139 1161 2195; x_wconf 86' lang='lat' dir='ltr'>nisi</span> <span class='ocrx_word' id='word_1_99' title='bbox 1209 2145 1547 2216; x_wconf 84' lang='lat' dir='ltr'>temperato</span> 
     </span>
     <span class='ocr_line' id='line_1_25' title="bbox 777 2216 1300 2291; baseline 0.006 -18"><span class='ocrx_word' id='word_1_100' title='bbox 777 2216 1107 2291; x_wconf 82' lang='lat' dir='ltr'>Splendeat</span> <span class='ocrx_word' id='word_1_101' title='bbox 1148 2236 1300 2276; x_wconf 90' lang='lat' dir='ltr'>usu:</span> 
     </span>
     <span class='ocr_line' id='line_1_26' title="bbox 461 2295 2093 2374; baseline 0.006 -20"><span class='ocrx_word' id='word_1_102' title='bbox 461 2295 652 2354; x_wconf 80' lang='lat' dir='ltr'>Vivet</span> <span class='ocrx_word' id='word_1_103' title='bbox 693 2302 941 2354; x_wconf 87' lang='lat' dir='ltr'>extento</span> <span class='ocrx_word' id='word_1_104' title='bbox 989 2297 1345 2356; x_wconf 86' lang='lat' dir='ltr'>Proculeius</span> <span class='ocrx_word' id='word_1_105' title='bbox 1390 2319 1560 2374; x_wconf 85' lang='lat' dir='ltr'>aevo,</span> <span class='ocrx_word' id='word_1_106' title='bbox 2059 2309 2093 2363; x_wconf 87' lang='grc'><strong>5</strong></span> 
     </span>
     <span class='ocr_line' id='line_1_27' title="bbox 458 2374 1587 2457; baseline 0.007 -25"><span class='ocrx_word' id='word_1_107' title='bbox 458 2374 660 2433; x_wconf 90' lang='lat' dir='ltr'>Notus</span> <span class='ocrx_word' id='word_1_108' title='bbox 703 2376 766 2433; x_wconf 90' lang='lat' dir='ltr'>in</span> <span class='ocrx_word' id='word_1_109' title='bbox 812 2377 1028 2434; x_wconf 89' lang='lat' dir='ltr'>fratres</span> <span class='ocrx_word' id='word_1_110' title='bbox 1076 2380 1263 2436; x_wconf 88' lang='lat' dir='ltr'>animi</span> <span class='ocrx_word' id='word_1_111' title='bbox 1308 2384 1587 2457; x_wconf 83' lang='lat' dir='ltr'>paterni3</span> 
     </span>
     <span class='ocr_line' id='line_1_28' title="bbox 459 2454 1622 2532; baseline 0.008 -21"><span class='ocrx_word' id='word_1_112' title='bbox 459 2454 641 2512; x_wconf 88' lang='lat' dir='ltr'>Illum</span> <span class='ocrx_word' id='word_1_113' title='bbox 687 2463 829 2532; x_wconf 81' lang='lat' dir='ltr'>aget</span> <span class='ocrx_word' id='word_1_114' title='bbox 869 2454 1069 2532; x_wconf 66' lang='lat' dir='ltr'>penn‘ii</span> <span class='ocrx_word' id='word_1_115' title='bbox 1114 2467 1424 2519; x_wconf 83' lang='lat' dir='ltr'>metuente</span> <span class='ocrx_word' id='word_1_116' title='bbox 1467 2463 1622 2519; x_wconf 82' lang='lat' dir='ltr'>solvi</span> 
     </span>
     <span class='ocr_line' id='line_1_29' title="bbox 777 2536 1339 2614; baseline 0.011 -21"><span class='ocrx_word' id='word_1_117' title='bbox 777 2536 971 2594; x_wconf 86' lang='lat' dir='ltr'>Fama</span> <span class='ocrx_word' id='word_1_118' title='bbox 1014 2546 1339 2614; x_wconf 81' lang='lat' dir='ltr'>superstes.</span> 
     </span>
     <span class='ocr_line' id='line_1_30' title="bbox 460 2614 1588 2690; baseline 0.008 -19"><span class='ocrx_word' id='word_1_119' title='bbox 460 2614 680 2673; x_wconf 89' lang='lat' dir='ltr'>Latius</span> <span class='ocrx_word' id='word_1_120' title='bbox 722 2635 942 2690; x_wconf 68' lang='lat' dir='ltr'>regnes</span> <span class='ocrx_word' id='word_1_121' title='bbox 991 2621 1238 2678; x_wconf 86' lang='lat' dir='ltr'>avidum</span> <span class='ocrx_word' id='word_1_122' title='bbox 1285 2618 1588 2680; x_wconf 82' lang='lat' dir='ltr'>domando</span> 
     </span>
     <span class='ocr_line' id='line_1_31' title="bbox 459 2694 2096 2777; baseline 0.006 -24"><span class='ocrx_word' id='word_1_123' title='bbox 459 2694 769 2771; x_wconf 85' lang='lat' dir='ltr'>Spiritum,</span> <span class='ocrx_word' id='word_1_124' title='bbox 816 2717 997 2774; x_wconf 85' lang='lat' dir='ltr'>quam</span> <span class='ocrx_word' id='word_1_125' title='bbox 1045 2702 1095 2758; x_wconf 91' lang='lat' dir='ltr'>si</span> <span class='ocrx_word' id='word_1_126' title='bbox 1143 2701 1406 2777; x_wconf 84' lang='lat' dir='ltr'>Libyam</span> <span class='ocrx_word' id='word_1_127' title='bbox 1450 2704 1701 2762; x_wconf 88' lang='lat' dir='ltr'>remotis</span> <span class='ocrx_word' id='word_1_128' title='bbox 2024 2707 2096 2764; x_wconf 89' lang='grc'>10</span> 
     </span>
     <span class='ocr_line' id='line_1_32' title="bbox 460 2773 1689 2858; baseline 0.006 -24"><span class='ocrx_word' id='word_1_129' title='bbox 460 2773 734 2834; x_wconf 83' lang='lat' dir='ltr'>Gadibus</span> <span class='ocrx_word' id='word_1_130' title='bbox 766 2780 994 2853; x_wconf 79' lang='lat' dir='ltr'>jungas</span> <span class='ocrx_word' id='word_1_131' title='bbox 1039 2788 1100 2838; x_wconf 89' lang='lat' dir='ltr'>et</span> <span class='ocrx_word' id='word_1_132' title='bbox 1146 2788 1396 2858; x_wconf 87' lang='lat' dir='ltr'>uterque</span> <span class='ocrx_word' id='word_1_133' title='bbox 1444 2783 1689 2841; x_wconf 89' lang='lat' dir='ltr'>Poenus</span> 
     </span>
     <span class='ocr_line' id='line_1_33' title="bbox 782 2859 1206 2919; baseline 0.005 -2"><span class='ocrx_word' id='word_1_134' title='bbox 782 2859 1025 2918; x_wconf 85' lang='lat' dir='ltr'>Serviat</span> <span class='ocrx_word' id='word_1_135' title='bbox 1066 2862 1206 2919; x_wconf 88' lang='lat' dir='ltr'>uni:</span> 
     </span>
     <span class='ocr_line' id='line_1_34' title="bbox 465 2935 1779 3020; baseline 0.006 -26"><span class='ocrx_word' id='word_1_136' title='bbox 465 2935 701 2995; x_wconf 85' lang='lat' dir='ltr'>Crescit</span> <span class='ocrx_word' id='word_1_137' title='bbox 738 2939 1068 3010; x_wconf 60' lang='lat' dir='ltr'>‚indulgens</span> <span class='ocrx_word' id='word_1_138' title='bbox 1114 2943 1226 2998; x_wconf 87' lang='lat' dir='ltr'>sibi</span> <span class='ocrx_word' id='word_1_139' title='bbox 1276 2942 1443 3000; x_wconf 88' lang='lat' dir='ltr'>dirus</span> <span class='ocrx_word' id='word_1_140' title='bbox 1489 2943 1779 3020; x_wconf 80' lang='lat' dir='ltr'>hydrops,</span> 
     </span>
     <span class='ocr_line' id='line_1_35' title="bbox 459 3016 1659 3096; baseline 0.007 -23"><span class='ocrx_word' id='word_1_141' title='bbox 459 3016 588 3074; x_wconf 89' lang='lat' dir='ltr'>Nec</span> <span class='ocrx_word' id='word_1_142' title='bbox 632 3019 796 3075; x_wconf 83' lang='lat' dir='ltr'>sitim</span> <span class='ocrx_word' id='word_1_143' title='bbox 840 3021 1028 3096; x_wconf 87' lang='lat' dir='ltr'>pellit,</span> <span class='ocrx_word' id='word_1_144' title='bbox 1075 3022 1194 3078; x_wconf 88' lang='lat' dir='ltr'>nisi</span> <span class='ocrx_word' id='word_1_145' title='bbox 1239 3040 1423 3080; x_wconf 88' lang='lat' dir='ltr'>causa</span> <span class='ocrx_word' id='word_1_146' title='bbox 1464 3025 1659 3082; x_wconf 89' lang='lat' dir='ltr'>morbi</span> 
     </span>
     <span class='ocr_line' id='line_1_36' title="bbox 459 3095 2094 3177; baseline 0.004 -24"><span class='ocrx_word' id='word_1_147' title='bbox 459 3095 713 3172; x_wconf 82' lang='lat' dir='ltr'>Fugerit</span> <span class='ocrx_word' id='word_1_148' title='bbox 758 3101 948 3169; x_wconf 55' lang='lat' dir='ltr'>venis</span> <span class='ocrx_word' id='word_1_149' title='bbox 995 3108 1057 3158; x_wconf 87' lang='lat' dir='ltr'>ct</span> <span class='ocrx_word' id='word_1_150' title='bbox 1102 3120 1370 3177; x_wconf 89' lang='lat' dir='ltr'>aquosus</span> <span class='ocrx_word' id='word_1_151' title='bbox 1415 3104 1551 3160; x_wconf 86' lang='lat' dir='ltr'>albo</span> <span class='ocrx_word' id='word_1_152' title='bbox 2024 3104 2094 3161; x_wconf 85' lang='lat'>15</span> 
     </span>
     <span class='ocr_line' id='line_1_37' title="bbox 779 3178 1365 3256; baseline 0 -18"><span class='ocrx_word' id='word_1_153' title='bbox 779 3178 1044 3256; x_wconf 83' lang='lat' dir='ltr'>Corpore</span> <span class='ocrx_word' id='word_1_154' title='bbox 1088 3181 1365 3256; x_wconf 87' lang='lat' dir='ltr'>languor.</span> 
     </span>
    </p>
   </div>
   <div class='ocr_carea' id='block_1_7' title="bbox 472 3332 1837 3399">
    <p class='ocr_par' dir='ltr' id='par_1_7' title="bbox 472 3332 1837 3399">
     <span class='ocr_line' id='line_1_38' title="bbox 472 3332 1837 3399; baseline 0.006 -23"><span class='ocrx_word' id='word_1_155' title='bbox 472 3332 529 3376; x_wconf 80' lang='lat'>33</span> <span class='ocrx_word' id='word_1_156' title='bbox 551 3333 659 3393; x_wconf 78' lang='lat' dir='ltr'>quis</span> <span class='ocrx_word' id='word_1_157' title='bbox 884 3335 911 3377; x_wconf 82' lang='lat'><strong>3</strong></span> <span class='ocrx_word' id='word_1_158' title='bbox 935 3334 1114 3379; x_wconf 78' lang='lat' dir='ltr'>Salusti</span> <span class='ocrx_word' id='word_1_159' title='bbox 1331 3336 1355 3380; x_wconf 87' lang='grc'>7</span> <span class='ocrx_word' id='word_1_160' title='bbox 1379 3337 1480 3394; x_wconf 78' lang='lat' dir='ltr'>agit</span> <span class='ocrx_word' id='word_1_161' title='bbox 1635 3340 1659 3383; x_wconf 86' lang='grc'><strong>7</strong></span> <span class='ocrx_word' id='word_1_162' title='bbox 1681 3340 1837 3399; x_wconf 76' lang='lat' dir='ltr'>pinna</span> 
     </span>
    </p>
   </div>
  </div>
 </body>
</html>
