2367 3784
188 150 315 215 194
685 166 973 214 HORATI
1026 166 1566 214 Ems'rvLARvM
1653 152 1658 157 ’

274 324 342 384 Si
372 332 617 384 curatus
647 326 951 401 inaequali
980 331 1224 382 tonsore
1256 326 1506 400 capillos

193 406 458 476 Occurri,
493 406 688 478 rides;
734 406 782 461 si
815 409 966 463 forte
998 405 1293 462 subucula
1319 423 1504 479 pexae

194 487 365 544 Trita
395 487 606 542 subest
636 487 877 542 tunicae
911 487 1006 542 vel
1038 485 1090 543 si
1121 496 1268 559 toga
1298 485 1555 542 dissidet
1585 486 1799 560 impar,
2006 486 2083 543 95

194 567 421 624 Rides:
468 566 631 640 quid,
663 584 800 622 mea
830 584 966 623 cum
995 573 1232 641 pugnat
1263 565 1567 622 sententia
1598 582 1821 636 secum,

197 647 373 720 Quod
403 648 580 721 petiit
610 647 859 721 spernit,
891 647 1109 722 repetit
1138 646 1299 721 quod
1331 663 1523 719 nuper
1554 646 1779 716 omisit,

195 729 462 784 Aestuat
490 733 551 783 et
580 728 745 782 vitae
774 727 1158 783 disconvenit
1189 726 1397 782 ordine
1429 731 1576 794 tot0,

196 806 419 878 Diruit‚
453 807 746 876 aedificat,
780 813 977 863 mutat
1008 807 1306 882 quadrata
1334 804 1659 863 rotundis?

195 888 472 944 Insanire
501 898 681 961 putas
711 887 1031 943 sollemnia
1060 905 1154 943 me
1185 904 1379 961 neque
1411 886 1590 954 rideS‚
1965 884 2082 942 100

194 966 252 1024 N
257 986 324 1025 ec
354 968 569 1024 medici
600 968 793 1024 credis
824 985 932 1024 nec
962 966 1260 1024 curatoris
1291 984 1468 1040 egere

195 1048 256 1106 A
287 1053 561 1122 praetore
593 1047 736 1117 dati,
766 1065 967 1104 rerum
997 1047 1190 1105 tutela
1216 1064 1488 1103 mearum

198 1127 352 1185 Cum
384 1128 470 1185 sis
499 1134 560 1185 et
589 1146 775 1203 prave
808 1133 1042 1184 sectum
1072 1126 1472 1184 stomacheris
1502 1127 1578 1183 ob
1607 1144 1877 1201 unguem

197 1208 288 1265 De
318 1214 376 1265 te
406 1200 746 1284 pendentis,
777 1214 837 1265 te
870 1207 1254 1282 respicientis
1286 1207 1478 1265 amici.

196 1289 299 1345 Ad
330 1306 664 1345 summam:
710 1289 953 1363 sapiens
984 1305 1103 1344 uno
1132 1287 1331 1343 minor
1360 1294 1454 1344 est
1482 1288 1658 1357 Jove,
1692 1286 1882 1357 diveS,
1965 1284 2082 1340 105

196 1368 395 1436 Liber,
427 1368 773 1437 honoratus
805 1366 1069 1443 pulcher,
1102 1385 1209 1423 rex
1238 1368 1496 1442 denique
1528 1384 1758 1441 regum,

197 1449 528 1523 Praecipue
561 1465 765 1517 sanus,
797 1448 917 1504 nisi
947 1466 1084 1504 cum
1112 1447 1337 1523 pituita
1366 1447 1622 1503 molesta
1648 1452 1758 1504 est.

1088 1672 1172 1729 II.
1265 1688 1277 1701 ·

195 1795 441 1870 Trojani
470 1795 612 1852 belli
644 1795 1016 1869 scriptorem,
1051 1794 1326 1851 Maxime
1359 1792 1533 1864 Lolli,

197 1876 358 1933 Dum
388 1880 457 1932 tu
487 1875 790 1932 declamas
823 1875 1072 1944 Romae,
1109 1874 1441 1931 Praeneste
1471 1873 1696 1947 relegi3

198 1956 317 2028 Qui
347 1955 490 2031 quid
521 1955 602 2011 sit
631 1954 970 2029 pulchrum,
997 1955 1143 2030 quid
1167 1962 1362 2028 turpe,
1390 1953 1535 2028 quid
1559 1953 1725 2022 utile,
1752 1952 1896 2027 quid
1921 1970 2062 2024 non,

197 2035 451 2092 Planius
481 2053 550 2092 ae
580 2035 798 2091 melius
831 2034 1174 2109 Chrysippo
1204 2040 1267 2091 et
1300 2033 1595 2090 Crantore
1625 2033 1787 2090 dicit.

198 2115 322 2173 Cur
350 2116 438 2171 ita
467 2115 836 2184 crediderim,
870 2115 986 2170 nisi
1016 2114 1161 2189 quid
1190 2120 1250 2171 te
1282 2113 1529 2183 detinet,
1564 2112 1721 2170 audi.
2051 2112 2089 2167 5

196 2196 450 2265 Fabula,
483 2214 603 2270 qua
634 2194 877 2251 Paridis
907 2202 1152 2270 propter
1182 2198 1465 2250 narratur
1494 2209 1760 2249 amorem

197 2275 451 2334 Graecia
481 2275 805 2332 Barbariae
837 2275 1000 2331 lento
1030 2275 1243 2332 collisa
1271 2273 1486 2343 due110‚

197 2356 536 2413 Stultorum
568 2373 780 2429 regum
809 2361 870 2411 et
898 2354 1259 2428 populorum
1292 2352 1563 2410 continet
1594 2358 1817 2410 aestus.

195 2436 476 2493 Antenor
505 2441 711 2492 censet
739 2435 875 2491 belli
912 2435 1256 2509 praecidere
1288 2451 1568 2490 causam:

197 2517 357 2588 Quid
391 2516 567 2573 Paris
593 2513 616 2572 ἲ
702 2514 791 2571 Ut
820 2516 1029 2571 salvus
1057 2520 1272 2589 regnet
1301 2514 1589 2589 vivatque
1621 2513 1837 2570 beatus
2012 2513 2089 2570 10

197 2596 350 2671 Cogi
379 2614 560 2671 posse
589 2600 792 2669 negat.
880 2595 1109 2652 Nestor
1137 2611 1492 2670 componere
1522 2593 1663 2651 lites

195 2676 364 2735 Inter
395 2676 647 2734 Peliden
678 2676 929 2733 festinat
958 2681 1018 2731 et
1048 2675 1206 2731 inter
1237 2674 1533 2746 Atriden;

196 2756 380 2814 Hunc
411 2774 593 2826 amor,
626 2756 716 2812 ira
744 2757 990 2832 quidem
1020 2754 1421 2812 communiter
1450 2753 1570 2810 urit
1598 2760 1941 2829 utrumque.

196 2836 496 2912 Quicquid
529 2836 789 2893 delirant
818 2853 1009 2910 regeS‚
1044 2835 1393 2909 plectuntur
1423 2833 1666 2891 Achivi.

196 2915 520 2986 Seditione,
555 2917 728 2985 dolis,
763 2916 984 2973 scelere
1016 2921 1197 2989 atque
1230 2914 1476 2971 libidine
1504 2918 1567 2969 et
1596 2912 1701 2983 ira,
2019 2913 2094 2968 15

194 2997 417 3054 Iliacos
448 2998 608 3053 intra
639 3014 846 3052 muros
876 3002 1160 3070 peccatur
1187 2999 1250 3050 et
1279 2999 1467 3050 extra.

193 3076 453 3144 Rursus
487 3076 632 3150 quid
665 3077 861 3132 virtus
889 3082 950 3132 et
979 3075 1122 3150 quid
1155 3073 1456 3149 sapientia
1484 3072 1698 3148 possit,

195 3154 362 3213 Utile
394 3156 712 3230 proposuit
742 3155 916 3211 nobis
945 3154 1255 3229 exemplar
1283 3153 1510 3210 Ulixen
1534 3173 1549 3226 3

196 3236 334 3308 Qui,
368 3236 633 3292 domitor
662 3234 895 3308 Trojae,
927 3234 1256 3292 multorum
1284 3234 1577 3309 providus
1606 3233 1788 3290 urbes

455 3405 515 3448 94
535 3417 730 3449 occurro
851 3404 881 3450 4
901 3405 1090 3465 plenius
1216 3406 1243 3447 5
1266 3404 1467 3448 distinet
1590 3373 1648 3449 16
1667 3402 1799 3461 quod
