2367 3784
193 115 278 206 40

725 144 1013 191 HORA'H
1065 143 1478 191 CARMINVM

409 300 463 360 Ο
495 303 680 359 decus
712 301 945 359 Phoebi
975 307 1038 359 et
1066 302 1326 377 dapibus
1357 299 1623 376 supremi

412 381 605 441 Grata
634 383 879 440 testudo
910 382 953 441 J
958 383 1108 451 oviS‚
1142 400 1176 439 0
1208 382 1487 439 laborum

410 462 603 521 Dulce
633 462 912 533 lenimen,
945 462 1097 518 mihi
1127 479 1383 537 cumque
1414 461 1583 518 salve
1952 464 2025 524 15

648 543 793 600 Rite
839 540 1120 600 vocantil

866 757 1264 902 LXXXIII.
1740 748 1958 911 ψ

413 920 578 989 Albi,
613 938 684 976 ne
715 919 924 976 doleas
954 919 1093 994 plus
1125 919 1314 976 nimio
1344 935 1577 976 memor

413 1000 675 1058 Immitis
708 992 1019 1073 Glycerae,
1055 1016 1173 1056 neu
1203 1000 1585 1058 miserabiles

413 1080 719 1139 Decantes
749 1080 969 1154 elegos,
1007 1097 1110 1136 cur
1138 1079 1252 1136 tibi
1274 1080 1480 1153 Junior

574 1159 773 1217 Laesa
815 1160 1162 1234 praeniteat
1205 1159 1335 1218 fide.

414 1241 730 1315 Insignem
760 1241 933 1297 tenui
963 1240 1163 1298 fronte
1196 1240 1501 1316 Lycorida
1957 1244 1994 1302 5

418 1321 566 1396 Cyri
595 1326 785 1378 torret
818 1339 1004 1392 amor,
1043 1320 1247 1397 Cyrus
1275 1321 1339 1377 in
1368 1338 1646 1396 asperam

416 1400 701 1459 Declinat
733 1401 1007 1459 Pholoen
1037 1422 1051 1475 3
1100 1402 1209 1459 sed
1237 1402 1403 1476 priu's
1435 1401 1662 1475 Apulis

575 1481 931 1556 Jungentur
978 1500 1234 1556 capreae
1279 1482 1455 1557 lupiS,

418 1562 619 1634 Quam
648 1563 812 1638 turpi
846 1562 1080 1620 Pholoe
1114 1569 1324 1637 peccet
1354 1561 1643 1619 adultero,

420 1640 521 1700 Sic
553 1642 754 1698 visum
785 1642 1032 1712 Veneri,
1072 1644 1170 1699 cui
1201 1642 1399 1717 placet
1427 1643 1690 1718 impares
1961 1642 2036 1699 10

418 1721 677 1780 Formas
709 1727 892 1797 atque
927 1724 1166 1780 animos
1198 1723 1312 1780 sub
1334 1724 1488 1797 juga
1519 1729 1705 1780 aenea

584 1801 782 1860 Saevo
827 1802 1070 1860 mittere
1118 1820 1254 1860 cum
1288 1804 1444 1877 j0c0.

417 1882 631 1957 Ipsum
659 1900 772 1952 me,
806 1882 1021 1940 melior
1052 1900 1189 1940 cum
1219 1889 1453 1959 peteret
1483 1882 1715 1954 Venus,

422 1962 615 2022 Grata
644 1962 907 2020 detinuit
940 1964 1229 2039 compede
1260 1962 1530 2039 Myrtale

422 2042 757 2113 Libertina,
790 2042 962 2101 fretis
996 2045 1190 2100 acrior
1222 2042 1496 2101 Hadriae
1966 2041 2039 2098 15

584 2121 916 2181 Curvantis
967 2122 1263 2182 Calabros
1309 2123 1498 2181 sinus

956 2374 1275 2433 XXXIV.
1479 2351 1484 2355 ’
1759 2414 1778 2434 ,
1801 2328 1994 2469 ᾑζῑῗ*

425 2498 654 2556 Parcus
686 2497 938 2555 deorum
971 2497 1168 2555 cultor
1199 2503 1262 2555 et
1292 2498 1652 2574 infrequens,

423 2577 802 2635 Insanientis
848 2578 995 2634 dum
1044 2577 1379 2653 sapientiae

506 2657 841 2717 Consultus
873 2675 1026 2727 erm,
1064 2676 1222 2716 nunc
1252 2664 1582 2716 retrorsum

441 2796 448 2803 ,
583 2733 742 2795 Vela
771 2738 914 2795 dare
954 2744 1132 2813 atque
1166 2739 1387 2795 iterare
1420 2756 1633 2795 cursus
1701 2740 1709 2753 ¹

425 2818 629 2892 Cogor
658 2817 897 2875 relictos
928 2839 939 2874 :
990 2837 1252 2894 namque
1286 2819 1615 2908 Diespiter,
2007 2820 2044 2878 5

425 2898 565 2973 Igni
595 2916 845 2957 corusco
893 2899 1104 2983 nubila
1153 2899 1435 2956 dividens

506 2979 891 3056 Plerumque,
925 3000 1034 3057 per
1109 2999 1298 3058 urum,
1316 2985 1601 3037 tonantes

580 3060 728 3134 Egit
759 3079 950 3137 equos
984 3080 1062 3120 vo
1089 3079 1413 3136 ucremque
1446 3077 1705 3130 currum,

427 3140 562 3214 Quo
592 3141 772 3198 bruta
803 3141 984 3198 tellus
1014 3148 1076 3200 et
1106 3161 1270 3217 vaga
1302 3141 1565 3209 flumina,

428 3220 563 3294 Quo
597 3220 756 3296 Styx
785 3227 847 3279 et
876 3222 1062 3279 invisi
1092 3222 1340 3279 horrida
1372 3222 1632 3279 Taenari
1977 3220 2049 3277 10

494 3373 553 3423 14
573 3373 813 3417 continuit
1178 3376 1204 3417 5
1227 3377 1424 3419 relectos
1448 3391 1470 3417 e
1494 3377 1758 3419 coniectura
