2367 3784
248 1894 301 1956 l!

1040 142 1177 188 Ans
1229 142 1547 188 Pomm».
2106 129 2229 194 247

356 296 704 357 Concubitu
732 298 1049 375 prohibere
1080 318 1259 376 vag-0,
1292 300 1436 358 dare
1455 302 1597 376 Jura
1625 301 1883 373 maritiS,

354 377 596 454 Oppida
624 380 842 449 moliri,
877 379 1045 455 leges
1075 381 1337 438 incidere
1368 381 1573 454 ligno:

355 457 458 516 Sic
490 459 681 517 honor
708 466 771 518 et
799 477 1021 517 nomen
1053 460 1280 518 divinis
1312 461 1560 518 vatibus
1591 467 1771 537 atque
2119 466 2231 521 400

355 538 743 597 Carminibus
776 541 959 597 venit.
1050 540 1205 597 Post
1236 540 1349 597 hos
1382 541 1638 615 insignis
1669 542 1976 600 Homerus

353 618 777 696 Tyrtaeusque
809 638 1008 678 mares
1040 621 1279 677 animos
1310 620 1372 677 in
1403 620 1635 678 Martia
1664 622 1825 679 bella

351 698 649 758 Versibus
678 700 956 774 exacuit;
1001 700 1196 757 dictae
1228 717 1336 776 per
1366 703 1631 759 carmina
1661 709 1875 773 sortes,

352 778 439 836 Et
467 782 628 838 vitae
658 786 998 838 monstrata
1029 781 1131 837 via
1160 789 1255 838 est
1282 801 1295 853 ;
1340 786 1404 838 et
1433 781 1630 855 gratia
1657 799 1870 856 regum

352 858 575 918 Pieriis
604 866 900 937 temptata
929 861 1163 933 modis;
1210 860 1511 936 ludusque
1544 868 1833 936 repertus,
2113 865 2225 921 405

351 939 438 997 Et
466 940 784 1016 longorum
816 957 1062 1016 operum
1096 940 1267 998 finis:
1316 959 1390 998 ne
1422 942 1576 998 forte
1606 942 1822 1015 pudori

354 1020 454 1078 Sit
483 1021 591 1079 tibi
619 1020 805 1078 Musa
835 1021 1004 1097 lyrae
1035 1021 1251 1078 sollers
1281 1027 1344 1078 et
1375 1028 1587 1078 cantor
1616 1020 1875 1097 Apollol

432 1179 671 1237 Natura
700 1179 866 1238 fieret
894 1180 1198 1238 laudabile
1232 1198 1475 1238 carmen
1506 1199 1584 1239 an
1614 1187 1760 1253 arte,

354 1261 717 1334 Quaesitum
747 1267 879 1318 est:
923 1279 1039 1335 ego
1070 1279 1178 1318 nec
1212 1261 1481 1318 studium
1516 1260 1643 1319 sine
1674 1262 1866 1319 divite
1896 1279 2071 1333 vena,

352 1340 412 1397 N
416 1358 482 1398 ec
510 1341 657 1398 rude
688 1341 835 1415 quid
865 1341 1059 1417 possit
1088 1342 1272 1398 video
1303 1341 1616 1416 ingenium
1642 1363 1656 1415 3
1690 1342 1939 1400 alterius
1969 1342 2057 1399 sic
2109 1343 2224 1400 410

351 1421 569 1478 Altera
596 1422 796 1496 poscit
826 1439 999 1497 opem
1030 1439 1126 1479 res
1155 1427 1218 1479 et
1249 1424 1522 1496 conjurat
1552 1422 1756 1481 amice.

353 1500 471 1574 Qui
501 1502 706 1559 studet
736 1508 1004 1578 optatam
1036 1519 1217 1559 cursu
1248 1502 1594 1576 contingere
1623 1510 1868 1574 metam,

352 1580 553 1638 Multa
582 1582 724 1638 tulit
751 1582 1011 1657 fecitque
1042 1599 1207 1666 puer,
1244 1582 1492 1640 sudavit
1520 1588 1582 1639 et
1612 1582 1771 1653 alsit,

352 1661 674 1719 Abstinuit
705 1679 918 1719 venere
949 1667 1009 1719 et
1038 1663 1218 1734 vin03
1264 1663 1362 1738 qui
1397 1662 1629 1737 Pythia
1658 1668 1866 1721 cantat

352 1740 615 1811 Tibicen,
647 1741 859 1800 didicit
885 1742 1054 1817 prius
1083 1742 1487 1818 extimuitque
1517 1743 1895 1818 magistrum.
2104 1744 2220 1800 415

351 1820 529 1879 Nunc
558 1821 713 1879 satis
740 1827 837 1879 est
865 1822 1092 1880 dixisse
1126 1828 1157 1851 “
1181 1822 1319 1897 Ego
1350 1823 1501 1881 mira
1528 1826 1810 1897 poemata
1837 1839 2041 1898 pango
2065 1841 2080 1895 3

351 1900 619 1977 Occupet
647 1908 980 1959 extremum
1011 1901 1281 1961 scabies!
1331 1903 1480 1960 mihi
1512 1909 1688 1977 turpe
1717 1903 1978 1978 relinqui
2006 1905 2116 1973 est,

350 1980 450 2053 Et,
481 1982 640 2058 quod
669 2000 790 2040 non
819 1982 1016 2054 didici,
1049 2000 1195 2040 sane
1226 1983 1457 2041 nescire
1487 1982 1721 2041 fateri.”

428 2141 519 2199 Ut
548 2160 780 2218 praeco,
813 2141 891 2200 ad
921 2160 1152 2200 merces
1183 2142 1428 2201 turbam
1460 2142 1563 2217 qui
1596 2143 1761 2216 cogit
1789 2142 2095 2211 emendae,

347 2222 783 2281 Assentatores
800 2223 977 2296 jubet
1007 2223 1082 2280 ad
1114 2223 1350 2280 lucrum
1381 2222 1466 2277 ire
1496 2228 1677 2296 poeta
2099 2223 2216 2281 420

348 2301 537 2359 Dives
568 2303 748 2378 agriS,
780 2303 955 2361 dives
984 2302 1203 2377 positis
1232 2303 1294 2359 in
1328 2302 1530 2359 fenore
1562 2301 1838 2360 nummis,

347 2380 411 2439 Si
445 2400 584 2440 vero
614 2390 711 2441 est
739 2389 990 2441 unctum
1023 2383 1128 2458 qui
1159 2387 1320 2440 recte
1355 2399 1577 2457 ponere
1607 2382 1818 2458 possit,

345 2461 430 2519 Et
459 2464 752 2537 spondere
782 2463 901 2520 levi
930 2481 1038 2538 pro
1066 2480 1348 2539 paupere,
1383 2469 1446 2521 et
1474 2463 1698 2537 eripere
1730 2462 1881 2520 atris

345 2541 586 2600 Litibus
615 2543 990 2620 implicitum,
1023 2544 1285 2601 mirabor
1314 2544 1365 2600 si
1399 2543 1550 2600 sciet
1578 2544 1755 2600 inter-

344 2621 403 2679 N
408 2640 608 2681 oscere
637 2624 991 2681 mendacem
1022 2640 1352 2699 verumque
1384 2625 1599 2681 beatus
1629 2623 1908 2684 amicum.
2096 2626 2209 2682 425

343 2700 453 2772 Tu,
485 2720 592 2760 seu
621 2703 862 2762 donaris
891 2721 1000 2761 seu
1028 2704 1176 2779 quid
1208 2704 1432 2762 donare
1465 2703 1630 2760 voles
1661 2703 1771 2771 cui,

341 2780 549 2840 Nolito
580 2783 657 2841 ad
684 2801 898 2841 versus
926 2784 1039 2841 tibi
1070 2784 1264 2841 factos
1294 2783 1509 2841 ducere
1539 2783 1783 2858 plenum

340 2861 680 2937 Laetitiae3
722 2863 1011 2921 clamabit
1051 2865 1213 2921 enim
1247 2869 1279 2893 “
1302 2861 1595 2921 Pulchre!
1642 2860 1841 2920 Benel
1886 2860 2114 2921 Recte!
2141 2864 2173 2894 '’

339 2941 644 3001 Pallescet
672 2961 853 3020 super
883 2944 996 3014 his,
1029 2944 1214 3001 etiam
1245 2943 1502 3001 stillabit
1531 2943 1742 3000 amicis

337 3021 436 3079 Ex
464 3023 651 3081 oculis
678 3041 895 3093 rorem,
929 3024 1122 3094 saliet,
1155 3023 1376 3080 tundet
1405 3023 1556 3097 pede
1585 3030 1828 3080 terram.
2092 3025 2206 3080 430

338 3100 444 3172 Ut,
476 3104 580 3178 qui
610 3105 893 3162 conducti
923 3104 1165 3179 plorant
1194 3103 1257 3160 in
1287 3103 1510 3174 funere,
1543 3103 1753 3160 dicunt

336 3181 421 3241 Et
448 3183 679 3243 faciunt
705 3201 890 3261 prope
919 3184 1096 3259 plura
1124 3183 1471 3240 dolentibus
1502 3201 1577 3240 ex
1606 3183 1824 3252 animo,
1858 3182 1948 3240 sic

425 3332 514 3377 410
535 3334 691 3394 prosit
809 3333 900 3378 410
921 3346 1008 3377 nec
1031 3332 1211 3376 codices
1224 3333 1388 3390 pauci,
1412 3345 1542 3387 num,
1565 3345 1661 3376 non
1784 3330 1871 3376 41⁷
1895 3333 1967 3374 est
1988 3329 2111 3372 omit.

622 3394 629 3401 '
768 3394 856 3437 421
881 3392 1077 3436 foenore
1198 3392 1287 3435 423
1310 3392 1429 3435 artis
1550 3391 1640 3434 424
1662 3390 1783 3433 sciat
