2367 3784
1019 185 1163 232 ARS
1214 185 1535 232 POE'HGA

337 343 472 403 Aut
500 361 717 420 operae
747 340 960 401 celeris
991 343 1247 400 nimium
1278 361 1536 418 curaque
1569 343 1831 401 carentis

338 424 471 481 Aut
504 424 818 499 ignoratae
847 424 1069 501 premit
1100 424 1250 480 artis
1282 425 1529 481 crimine
1558 425 1739 499 turpi.

421 504 561 562 Non
592 505 795 579 quivis
827 503 994 560 videt
1025 503 1425 561 immodulata
1453 508 1732 580 poemata
1751 504 1958 580 judex,

339 585 424 642 Et
454 586 597 642 data.
628 585 929 642 Romanis
962 584 1137 641 venia.
1165 592 1264 641 est
1293 584 1546 659 indigna
1574 587 1784 659 poetis.

338 665 652 722 Idcircone
681 682 870 738 vager
900 664 1281 740 scribamque
1314 663 1605 723 licenter?
1650 683 1728 722 an
1760 683 1970 723 omnes

339 745 602 802 Visuros
628 750 878 821 peccata
907 750 1118 818 putem
1149 763 1304 813 mea,
1337 749 1509 802 tutus
1538 751 1601 802 et
1632 745 1792 803 intra

343 824 524 901 Spem
559 825 766 882 veniae
796 823 1056 882 cautus?
1143 824 1361 881 Vitavi
1394 825 1650 901 denique
1680 827 1939 902 culpam,

338 905 484 963 Non
513 906 751 962 laudem
784 904 990 961 merui.
1079 904 1214 962 Vos
1244 906 1615 981 exemplaria
1646 906 1880 965 Graeca

337 986 656 1044 Nocturna
682 992 922 1042 versate
955 1003 1157 1051 manu,
1193 993 1436 1043 versate
1468 986 1699 1043 diurna.

338 1065 431 1125 At
459 1072 645 1124 vestrl
674 1066 886 1142 proavi
919 1064 1241 1123 Plautinos
1272 1073 1333 1123 et
1364 1084 1648 1124 numeros
1677 1071 1741 1124 et

338 1147 695 1206 Laudavere
727 1145 905 1218 sales,
937 1146 1190 1203 nimium
1223 1146 1525 1221 patienter
1553 1152 1895 1222 utrumque,

337 1227 434 1286 Ne
465 1228 659 1285 dicam
693 1226 894 1296 stulte,
930 1226 1150 1297 mirati,
1185 1227 1235 1283 si
1270 1227 1449 1283 modo
1478 1245 1593 1302 ego
1622 1233 1683 1284 et
1714 1245 1824 1285 vos

342 1308 587 1367 Scimus·
611 1307 978 1364 inurbanum
1008 1306 1210 1381 lepido
1244 1324 1531 1381 seponere
1562 1307 1741 1376 dieto,

340 1388 834 1465 Legitimumque
867 1404 1085 1445 sonum
1115 1386 1334 1461 digitis
1363 1386 1653 1444 callemus
1681 1392 1744 1444 et
1774 1404 1933 1446 aure.

418 1549 706 1624 Ignotum
738 1547 1007 1623 tragicae
1040 1565 1236 1622 genus
1267 1546 1571 1604 invenisse
1606 1545 1911 1606 Camenae

339 1630 594 1698 Dicitur,
626 1634 688 1686 et
716 1628 1007 1704 plaustris
1038 1629 1278 1685 vexisse
1309 1630 1589 1703 poemata
1619 1627 1900 1703 Thespis,

344 1712 511 1785 Quae
542 1714 827 1767 canerent
856 1715 1226 1783 agerentque
1257 1709 1531 1783 peruncti
1562 1708 1827 1766 faecibus
1857 1726 1978 1767 ora.

346 1791 490 1848 Post
520 1790 680 1848 hunc
708 1806 1000 1865 personae
1030 1789 1350 1864 pallaeque
1381 1793 1656 1863 repertor*
1678 1789 1970 1846 honestae

341 1870 690 1946 Aeschylus
718 1875 781 1926 et
808 1869 1063 1926 modicis
1094 1868 1388 1925 instravit
1415 1868 1651 1943 pulpita
1678 1869 1885 1943 tignis,

339 1952 421 2009 Et
449 1951 655 2009 docuit
683 1966 1090 2024 magnumque
1122 1948 1286 2023 loqui
1316 1948 1551 2023 nitique
1582 1949 1894 2006 cothurno.

339 2031 647 2090 Successit
676 2037 852 2087 vetus
884 2029 980 2086 his
1010 2029 1342 2099 comoedia,
1378 2046 1496 2084 non
1530 2028 1658 2085 sine
1690 2029 1882 2085 multa

340 2112 549 2170 Laude
575 2132 588 2185 3
633 2111 739 2168 sed
771 2111 834 2166 in
862 2108 1082 2166 vitium
1114 2109 1365 2165 libertas
1395 2109 1620 2165 excidit
1648 2115 1708 2165 et
1737 2109 1862 2166 vim

338 2193 605 2267 Dignam
633 2191 767 2265 lege
797 2189 962 2264 regi3
1005 2188 1103 2246 lex
1132 2195 1229 2246 est
1262 2196 1525 2264 accepta,
1560 2189 1898 2266 chorusque

339 2272 621 2348 Turpiter
649 2271 905 2328 obticuit
935 2269 1177 2327 sublato
1200 2272 1334 2343 jure
1369 2269 1639 2328 nocendi.

418 2352 523 2409 Nil
555 2353 987 2426 intemptatum
1020 2350 1212 2406 nostri
1247 2350 1473 2424 liquere
1501 2355 1754 2423 poetae3

337 2431 397 2490 N
401 2451 465 2491 ec
495 2432 812 2489 minimum
841 2448 1109 2488 meruere
1141 2430 1327 2487 decus
1361 2430 1620 2504 vestigia
1651 2429 1885 2488 Graeca

339 2512 494 2572 Ausi
528 2514 799 2570 deserere
829 2519 889 2569 et
919 2511 1220 2568 celebrare
1254 2510 1585 2567 domestica
1615 2511 1791 2580 facta,

340 2592 455 2650 Vel
484 2593 586 2669 qui
616 2599 964 2668 praetextas
995 2591 1091 2649 vel
1123 2591 1225 2666 qui
1258 2591 1513 2647 docuere
1543 2595 1805 2664 togatas,

338 2673 398 2730 N
402 2692 469 2731 ec
499 2674 723 2731 virtute
756 2673 908 2730 foret
938 2671 1196 2729 clarisve
1226 2670 1542 2746 potentius
1573 2671 1758 2727 armis

340 2754 537 2828 Quam
566 2755 776 2828 lingua
807 2753 1072 2820 Latium,
1108 2751 1158 2807 si
1192 2769 1313 2807 non
1347 2750 1675 2807 offenderet
1705 2768 1894 2807 unum

339 2836 652 2909 Quemque
682 2840 992 2911 poetarum
1027 2832 1207 2888 limae
1239 2831 1410 2887 labor
1439 2836 1502 2887 et
1532 2848 1714 2887 mora.
1803 2830 1951 2901 Vos,
1984 2848 2021 2888 o

339 2915 680 2989 Pompilius
711 2915 980 2990 sanguiS,
1013 2930 1252 2971 carmen
1285 2911 1628 2986 reprendite
1660 2909 1821 2985 quod
1850 2929 1971 2968 non

340 2996 539 3053 Multa
569 2995 699 3051 dies
728 3001 789 3051 et
820 2994 1012 3051 multa
1039 2993 1227 3049 litura
1257 2992 1523 3048 coercuit
1554 2998 1735 3066 atque

337 3076 682 3135 Perfectum
712 3075 954 3133 deciens
985 3092 1105 3131 non
1137 3071 1467 3147 castigavit
1498 3072 1576 3129 ad
1607 3089 1890 3147 unguem.

2085 170 2209 234 243

2094 668 2207 725 265

2095 1066 2209 1127 270

2091 1548 2207 1610 275

2090 1951 2209 2008 280

2093 2351 2207 2409 285

2092 2751 2208 2808 290

447 3236 535 3280 261
559 3235 761 3280 nimium
785 3235 951 3280 celeris
1076 3233 1164 3276 265
1192 3235 1247 3276 ut
1270 3245 1449 3286 omnes,
1474 3235 1525 3275 at
1547 3243 1712 3275 omnes
1833 3227 1919 3272 270
1944 3227 2099 3271 nostri

515 3296 603 3343 2⁷7
627 3297 839 3341 faecibus
862 3295 982 3339 atris
1086 3295 1174 3336 285
1199 3294 1490 3335 intentatum
1585 3291 1672 3334 292
1696 3287 2030 3349 reprehendite

868 3355 959 3400 294
979 3356 1280 3414 praesectum
1404 3351 1494 3395 294
1516 3351 1673 3395 decies
