2367 3784
923 156 1070 204 mn.
1118 156 1164 203 1.
1218 140 1315 217 14,
1353 140 1432 204 15
2021 139 2103 203 29

482 318 737 393 Ingrato
767 317 993 374 celeres
1022 315 1224 373 obruit
1253 315 1378 373 otio

639 397 879 455 Ventos
910 402 979 452 ut
1009 400 1254 453 caneret
1284 396 1410 452 fera

479 478 717 536 Nereus
746 477 907 535 fata:
954 482 986 505 “
1009 475 1181 532 Mala
1212 476 1384 533 ducis
1414 476 1514 533 avi
1545 475 1811 547 domum,
2077 480 2114 538 5

482 560 682 633 Quam
710 558 904 615 multo
936 561 1170 631 repetet
1202 555 1459 615 Graecia
1486 556 1699 626 milite,

482 638 816 714 Conjurata
844 645 985 694 tuas
1016 654 1294 712 rumpere
1327 636 1575 711 nuptias

639 718 724 775 Et
764 736 1026 793 regnum
1069 717 1304 774 Priami
1346 724 1542 775 vetuS.

479 798 640 870 Heu,
672 798 806 869 heu,
839 803 1107 874 quantus
1136 799 1328 874 equis,
1354 804 1620 874 quantus
1651 799 1828 856 adest
1850 797 2001 858 viris

482 878 713 938 Sudorl
757 887 990 955 quanta
1019 897 1231 937 moves
1260 879 1472 936 funera
1499 878 1822 937 Dardanae
2030 879 2106 938 10

479 957 697 1019 Gentil
780 959 822 1017 J
827 977 927 1017 am
958 959 1199 1034 galeam
1231 959 1438 1017 Pallas
1470 964 1533 1016 et
1562 959 1784 1035 aegida

374 1103 379 1108 ,
637 1039 986 1116 Currusque
1013 1044 1077 1096 et
1105 1039 1333 1096 rabiem
1359 1037 1569 1116 parat!

480 1119 883 1196 Nequiquam,
916 1119 1177 1178 Veneris
1205 1121 1510 1195 praesidio
1541 1121 1727 1190 ferox,

478 1200 693 1258 Peetes
721 1200 1068 1271 caesariem,
1101 1208 1396 1276 grataque
1427 1201 1668 1257 feminis

476 1280 715 1338 Imbelli
745 1281 984 1343 cithara
1014 1281 1287 1338 carmina
1313 1281 1592 1355 divides;
2031 1280 2105 1338 15

634 1360 1025 1437 Nequiquam
1065 1361 1339 1419 thalamo
1384 1379 1604 1437 graves

478 1441 715 1499 Hastas
743 1449 806 1498 et
836 1441 1055 1499 calami
1086 1442 1323 1517 spicula
1355 1441 1564 1500 Cnosii

474 1521 738 1592 Vitabis,
772 1522 1233 1598 strepitumque,
1265 1528 1329 1581 et
1357 1523 1609 1580 celerem
1640 1520 1812 1599 sequi

476 1600 763 1677 Ajacem:
807 1608 1034 1671 tamen,
1066 1601 1203 1674 heu,
1235 1620 1404 1660 serus
1434 1603 1741 1661 adulteros

635 1682 850 1742 Crines
891 1683 1139 1760 pulvere
1183 1683 1447 1741 collines
2029 1681 2105 1739 20

472 1762 614 1821 Non
643 1763 1028 1833 Laertiaden,
1059 1764 1314 1821 exitium
1342 1769 1484 1822 tuae

475 1842 704 1914 GentiS,
737 1861 860 1901 non
890 1843 1136 1918 Pylium
1167 1843 1433 1902 Nestora
1459 1842 1758 1920 respicis?

473 1922 714 2000 Urgent
743 1925 1035 2000 impavidi
1064 1930 1126 1981 te
1159 1922 1533 1982 Salaminius

634 2003 877 2076 Teucer,
909 2011 970 2062 te
1004 2003 1349 2073 StheneluS,
1382 2004 1580 2062 sciens

475 2084 746 2161 Pugnae,
780 2086 911 2143 sive
940 2102 1094 2160 opus
1124 2089 1220 2141 est
1247 2084 1595 2158 imperitare
1623 2083 1834 2160 equis,'
2031 2080 2106 2140 25

473 2162 614 2222 Non
643 2166 858 2241 auriga
882 2166 1070 2241 piger.
1159 2163 1475 2222 Merionen
1504 2182 1739 2241 quoque

472 2242 533 2301 N
537 2262 721 2303 osces.
810 2246 966 2304 Ecce
999 2245 1144 2303 furit
1171 2251 1234 2303 te
1261 2245 1522 2321 reperire
1553 2253 1728 2303 atrox

634 2324 924 2401 Tydides,
972 2326 1186 2384 melior
1226 2332 1418 2402 patre,

476 2406 668 2479 Quem
698 2413 784 2480 ζμ,
817 2424 1033 2464 cervus
1062 2406 1152 2463 uti
1180 2407 1361 2463 vallis
1390 2406 1453 2464 in
1482 2406 1676 2464 altera

473 2485 691 2543 Visum
721 2493 891 2563 parte
920 2487 1129 2561 lupum
1159 2486 1456 2563 graminis
1484 2487 1817 2558 immemor,
2030 2483 2106 2542 30

473 2564 733 2625 Sublimi
762 2568 960 2643 fugies
991 2562 1193 2624 mollis
1225 2566 1515 2638 anhelitu,

631 2646 692 2704 N
697 2666 773 2704 on
804 2647 916 2706 hoe
944 2647 1256 2723 pollicitus
1284 2652 1441 2705 tuae.

474 2726 778 2786 Iracunda
807 2729 965 2787 diem
998 2728 1264 2804 proferet
1292 2727 1408 2785 Ilio

473 2806 892 2884 Matronisque
926 2810 1249 2884 Phrygum
1278 2808 1493 2866 classis
1524 2806 1820 2881 Achille‘1‘3

477 2886 628 2945 Post
658 2896 856 2946 certas
887 2889 1114 2947 hiemes
1146 2894 1281 2946 uret
1313 2888 1619 2946 Achaicus
2032 2885 2107 2942 35

631 2967 806 3044 Ignis
848 2969 1072 3026 Iliacas
1114 2967 1386 3026 domos.'’

289 3175 319 3218 9
342 3172 466 3220 eheu
526 3176 584 3221 20
606 3178 764 3223 cultus
825 3179 883 3224 21
906 3178 1150 3235 excidium
1212 3177 1270 3223 22
1292 3178 1428 3236 genti
1488 3177 1550 3222 24
1570 3182 1619 3223 et
1681 3177 1740 3222 36
1763 3175 2051 3234 Pergamea-
