2367 3784
874 193 1020 240 mn.
1070 193 1118 240 1.
1169 177 1385 239 33-35
1969 181 2053 241 41

517 352 706 413 Sedes
751 352 1207 427 Atlanteusque
1251 351 1388 408 finis

596 433 973 493 concutitur.
1063 432 1253 489 Valet
1283 432 1409 489 ima
1436 433 1694 490 summis

433 514 676 572 Mutare
705 520 768 571 et
796 514 1101 588 insignem
1134 518 1417 571 attenuat
1447 515 1612 584 deuS,

437 594 714 654 Obscura
740 611 1027 670 promens
1052 615 1066 668 3
1112 594 1255 652 hinc
1287 595 1521 669 apicem
1549 611 1740 669 rapax

356 694 430 841 Ν
515 676 790 733 Fortuna
831 693 969 731 cum
1013 675 1276 733 stridore
1321 682 1500 733 acuto
1981 677 2051 732 15
2103 674 2108 683 ‘

601 754 884 824 Sustulit,
932 754 1031 812 hic
1071 755 1352 831 posuisse
1394 754 1638 829 gaudet.

1919 844 1980 883 ,Ι

1873 882 1910 901 κ

987 989 1269 1048 XXXV.
1646 918 1927 1058 vy

428 1114 496 1175 Ὀ
529 1116 693 1187 diva,
725 1120 970 1191 gratum
1002 1133 1156 1190 quae
1186 1116 1353 1191 regis
1383 1116 1663 1187 Antium,

438 1196 741 1254 Praesens
771 1195 869 1253 vel
900 1195 1022 1252 imo
1053 1195 1265 1253 tollere
1294 1197 1368 1254 de
1399 1196 1595 1271 gradu

515 1276 777 1333 Mortale
821 1293 1058 1350 corpuS,
1107 1276 1206 1333 vel
1248 1277 1540 1351 superbos

598 1356 855 1414 Vertere
885 1355 1201 1413 funeribus
1232 1355 1611 1431 triumphos!

438 1437 527 1496 Te
556 1454 789 1511 pauper
817 1436 1010 1494 ambit
1041 1436 1305 1494 sollicita
1330 1454 1501 1511 prece
2028 1440 2062 1496 ὅ

437 1517 629 1575 Ruris
658 1517 924 1587 colonuS,
956 1521 1017 1573 te
1049 1517 1358 1574 dominam
1387 1516 1662 1592 aequoris

522 1597 898 1672 Quicumque
942 1596 1221 1670 Bithyna
1261 1596 1509 1655 lacessit

601 1676 1004 1753 Carpathium
1050 1676 1307 1752 pelagus
1350 1678 1570 1736 carina.

441 1757 531 1816 Te
559 1757 765 1814 Dacus
793 1775 988 1832 asper,
1023 1762 1084 1814 te
1113 1758 1355 1833 profugi
1391 1757 1678 1834 Scythae,

443 1837 764 1913 Urbesque
794 1844 1130 1913 gentesque
1161 1843 1225 1895 et
1254 1836 1498 1896 Latium
1532 1838 1699 1897 ferox
1993 1841 2062 1895 10

525 1918 884 1993 Regumque
912 1924 1140 1975 matres
1169 1918 1567 1976 barbarorum
1593 1924 1656 1976 et

606 1998 906 2073 Purpurei
948 2003 1234 2055 metuunt
1274 1999 1541 2074 tyranni,

444 2077 743 2153 Injurioso
783 2096 859 2136 ne
901 2078 1054 2154 pede
1096 2095 1354 2153 proruas

446 2156 723 2216 Stantem
753 2159 1115 2228 columnam,
1148 2176 1269 2216 neu
1297 2160 1560 2235 populus
1589 2159 1873 2234 frequens

527 2238 629 2296 Ad
673 2257 844 2296 arma
886 2245 1217 2309 cessanteS,
1264 2240 1342 2297 ad
1387 2257 1557 2297 arma
1995 2240 2064 2295 15

608 2318 902 2388 Concitet,
934 2319 1375 2395 imperiumque
1407 2319 1666 2395 frangat.

448 2398 535 2458 Te
565 2417 802 2475 semper
833 2400 1023 2456 anteit
1057 2416 1244 2456 saeva
1273 2399 1645 2471 Necessitas,

451 2478 679 2539 Clavos
719 2480 985 2538 trabales
1028 2486 1092 2537 et
1133 2497 1359 2538 cuneos
1403 2498 1588 2537 manu

529 2559 795 2619 Gestans
838 2566 1006 2630 aena,
1053 2577 1163 2618 nec
1208 2578 1456 2618 severus

608 2639 820 2697 Uncus
850 2641 1022 2698 abest
1051 2640 1469 2716 liquidumque
1499 2642 1847 2718 plumbum;
1993 2639 2067 2695 20

449 2717 536 2776 Te
568 2718 721 2796 Spes
749 2725 813 2777 et
842 2721 978 2778 albo
1010 2738 1150 2779 rara
1180 2721 1368 2778 Fides
1398 2722 1567 2780 colit-

452 2798 676 2857 Velata
704 2818 924 2875 pann0,
956 2808 1065 2859 nec
1098 2803 1383 2860 comitem
1412 2804 1693 2878 abnegat,

528 2878 873 2956 Utcumque
916 2887 1157 2940 mutata
1200 2888 1482 2957 potentes

609 2960 800 3018 Veste
831 2964 1044 3022 domos
1075 2964 1322 3021 inimica
1349 2963 1610 3038 linquis:

453 3037 545 3095 At
570 3040 787 3116 volgus
816 3044 1068 3104 infidum
1099 3051 1160 3102 et
1191 3045 1474 3102 meretrix
1501 3050 1665 3103 retro
1994 3038 2068 3094 25

457 3118 703 3194 Perjura
731 3126 908 3196 cedit,
943 3127 1279 3203 diffugiunt
1309 3126 1477 3184 cadis

539 3200 693 3260 Cum
736 3206 902 3265 faece
950 3207 1197 3265 siccatis
1243 3206 1439 3276 amici,

615 3282 796 3343 Ferre
831 3288 1053 3361 jugum
1098 3288 1329 3362 pariter
1371 3285 1614 3344 dolosi.'

1044 3440 1098 3485 17
1124 3455 1262 3485 nerva
