2367 3784
1063 186 1211 234 mn.
1259 187 1308 234 1.
1354 171 1411 242 3,
1445 172 1487 232 4
2072 167 2195 232 197

340 426 496 484 Grex
524 426 732 483 avium
761 426 1018 500 plumas,
1051 432 1298 483 moveat
1327 426 1633 483 cornicula
1661 426 1850 482 risum

341 506 608 564 Furtivis
637 506 866 563 nudata
894 506 1211 564 coloribus
1301 505 1443 582 Ipse
1474 506 1619 582 quid
1652 506 1875 563 audes.
1861 503 1886 546 '²
2124 507 2199 562 20

344 587 507 668 Qae
538 586 761 644 circum
792 585 1017 643 volitas
1049 586 1228 661 agilis
1259 585 1521 663 thy-na?
1605 586 1662 643 N
1670 604 1747 643 on
1778 586 1888 643 tibi
1917 601 2177 659 parvum

344 667 679 741 Ingenium,
712 685 832 723 non
863 667 1158 724 incultum
1190 672 1285 723 est
1316 674 1377 724 et
1405 668 1665 741 turpiter
1698 667 1961 723 hirtum:

348 747 463 805 Seu
492 747 764 822 linguam
795 749 994 804 causis
1025 747 1211 817 acuis,
1246 765 1355 803 seu
1385 748 1579 804 civica
1599 749 1738 821 Jura

346 828 730 903 Respondere
758 846 960 902 paras,
993 845 1101 885 seu
1133 827 1345 885 condis
1375 828 1632 885 amabile
1663 845 1921 896 carmen,

349 908 552 966 Prima
579 909 733 965 feres
765 907 1020 966 hederae
1052 908 1319 966 victricis
1346 909 1629 985 praemia.
1719 908 1896 981 Quod
1927 907 1979 964 si
2128 907 2203 965 25

349 989 595 1063 Frigida
623 1005 901 1046 curarum
930 990 1201 1046 fomenta
1229 990 1566 1065 relinquere
1596 1005 1827 1064 posseS,

351 1070 481 1145 Quo
511 1076 570 1126 te
601 1068 881 1126 caelestis
913 1070 1215 1145 sapientia
1243 1070 1503 1140 duceret,
1537 1070 1670 1126 ireS.

349 1146 484 1207 Hoc
511 1167 683 1224 opuS,
716 1149 829 1207 hoc
860 1150 1131 1207 studium
1163 1151 1335 1225 parvi
1364 1166 1756 1226 properemus
1785 1154 1848 1206 et
1877 1147 2083 1223 ampli,

352 1228 415 1287 Si
443 1230 673 1305 patriae
704 1230 1003 1298 volumuS,
1036 1230 1087 1286 si
1118 1230 1296 1287 nobis
1326 1230 1530 1288 vivere
1561 1230 1697 1287 cari.

352 1309 548 1367 Debes
578 1310 691 1367 hoc
719 1312 905 1367 etiam
936 1311 1279 1377 rescribere,
1315 1311 1396 1368 sit
1426 1311 1538 1368 tibi
1568 1328 1766 1381 curae,
2129 1309 2204 1365 30

355 1390 630 1463 Quantae
669 1391 1009 1461 conveniat,
1046 1390 1381 1449 Munatius,
1470 1391 1573 1447 An
1603 1391 1759 1448 male
1790 1395 1955 1447 sarta

354 1470 565 1528 Gratia
591 1471 956 1547 nequiquam
986 1470 1123 1540 coit,
1155 1477 1218 1527 et
1247 1469 1850 1529 rescinditur?—At
1879 1488 1991 1527 vos

356 1548 474 1607 Seu
502 1550 736 1608 calidus
766 1551 1017 1625 sanguis
1047 1569 1155 1608 seu
1183 1569 1382 1608 rerum
1414 1551 1654 1609 inscitia
1683 1555 1867 1608 vexat

354 1629 658 1688 Indomita
687 1631 918 1688 cervice
949 1631 1123 1700 ferOS,
1156 1632 1523 1707 ubicumque
1553 1632 1822 1689 locorum

354 1710 596 1781 vivitis,
630 1711 870 1785 indigni
899 1711 1233 1769 fraternum
1263 1730 1538 1787 rumpere
1568 1711 1795 1782 foedus,
2133 1710 2207 1767 35

356 1790 637 1849 Pascitur
667 1792 728 1849 in
760 1797 1034 1849 vestrum
1064 1793 1326 1851 reditum
1358 1793 1568 1851 votiva
1587 1794 1863 1866 juvenca.

0 215 11 466 ι
333 344 444 417 Ne,
476 345 526 402 si
557 345 710 402 forte
741 363 886 403 suas
914 346 1242 422 repetitum
1275 345 1509 403 venerit
1538 345 1681 403 olim

1228 1996 1340 2055 IV.

354 2117 515 2188 Albi,
549 2125 892 2176 nostrorum
924 2136 1268 2176 sermonum
1299 2118 1552 2176 candide
1571 2120 1777 2193 judex,

356 2198 518 2273 Quid
548 2216 707 2256 nunc
735 2207 796 2256 te
826 2198 1027 2256 dicam
1057 2200 1254 2256 facere
1285 2200 1349 2256 in
1379 2200 1625 2275 regione
1660 2196 1956 2257 Pedana?

357 2278 626 2335 Scribere
655 2279 817 2354 quod
850 2278 1027 2336 Cassi
1061 2280 1414 2337 Parmensis
1446 2279 1737 2355 opuscula
1770 2281 1991 2349 vincat,

354 2359 457 2417 An
485 2359 740 2416 tacitum
771 2360 963 2416 silvas
992 2360 1150 2416 inter
1180 2367 1419 2435 reptare
1450 2361 1739 2431 salubreS,

357 2438 686 2497 Curantem
717 2440 1001 2515 quicquid
1034 2440 1289 2515 dignum
1321 2441 1593 2516 sapiente
1627 2441 1901 2517 bonoque
1930 2435 2075 2497 est?
2177 2432 2215 2491 5

354 2518 493 2576 Non
522 2525 592 2576 tu
619 2537 838 2594 corpus
868 2538 1003 2577 eras
1034 2520 1164 2577 sine
1196 2527 1453 2595 pectore.
1542 2521 1622 2578 Di
1648 2522 1760 2578 tibi
1792 2524 2068 2592 formam,

358 2599 433 2657 Di
462 2600 576 2656 tibi
604 2599 850 2656 divitias
881 2600 1179 2657 dederunt
1209 2607 1516 2694 artemque
1547 2601 1801 2659 fruendi.

357 2680 518 2754 Quid
551 2686 772 2736 voveat
802 2679 962 2737 dulci
990 2680 1296 2737 nutricula
1327 2683 1522 2755 majus
1552 2682 1812 2752 alumn0,

357 2760 472 2832 Qui
503 2777 715 2834 sapere
745 2766 806 2817 et
835 2761 949 2817 fari
980 2745 1177 2835 possit
1208 2779 1361 2835 quae
1393 2760 1632 2830 sentiat,
1666 2769 1727 2817 et
1757 2761 1855 2817 cui

356 2839 582 2910 Gratia,
614 2840 792 2910 fama,
826 2840 1110 2898 valetudo
1141 2842 1458 2915 contingat
1487 2841 1739 2909 abunde,
2147 2832 2222 2888 10

355 2919 437 2976 Et
466 2887 732 2976 mundus
765 2922 960 2977 victus
990 2938 1109 2978 non
1142 2920 1454 2977 deficiente
1484 2918 1815 2979 crumena?

354 2999 521 3057 Inter
550 3018 717 3075 spem
750 3018 1093 3076 curamque,
1127 3002 1375 3058 timores
1407 3001 1562 3057 inter
1589 3006 1651 3057 et
1680 3002 1819 3073 irae,

357 3079 611 3136 Omnem
641 3081 812 3137 crede
844 3080 1002 3137 diem
1032 3080 1146 3138 tibi
1177 3080 1471 3137 diluxisse
1504 3098 1886 3157 supremum:

356 3158 547 3218 Grata
575 3161 976 3236 superveniet,
1007 3178 1161 3236 quae
1193 3178 1314 3217 non
1344 3162 1703 3236 sperabitur,
1735 3162 1899 3222 hora.

583 3310 642 3353 22
665 3324 750 3354 nec
772 3312 978 3369 turpiter
1099 3311 1155 3352 30
1181 3310 1221 3353 si
1346 3311 1402 3353 32
1425 3311 1742 3370 nequicquam
1866 3313 1923 3354 32
1945 3326 1999 3354 ac

381 3370 438 3414 33
461 3369 555 3415 heu
576 3370 761 3415 calidus
780 3371 977 3427 sanguis
1000 3369 1093 3413 heu
1157 3369 1181 3414 7
1207 3370 1409 3414 divicias
1474 3370 1498 3416 7
1523 3372 1755 3415 dederant
1817 3371 1842 3412 9
1866 3383 2010 3428 quam
2032 3383 2201 3430 sapere

676 3431 702 3474 9
726 3433 780 3474 ut
799 3430 955 3490 possit
975 3428 1244 3483 Lambinus,
1274 3429 1502 3489 (It-aquine
1626 3431 1680 3473 10
1705 3429 1920 3473 valitudo
