2367 3784
983 124 1130 172 mn.
1177 124 1225 171 1.
1276 109 1373 186 15,
1412 108 1492 171 16
2045 112 2166 177 211

301 284 469 343 Vilis
497 288 559 340 et
590 283 869 357 agninae,
900 282 1098 340 tribus
1126 283 1288 340 ursis
1317 283 1479 358 quod
1509 283 1663 341 satis
1693 288 1895 358 esset3
2092 280 2164 336 35

303 365 551 424 Scilicet
583 369 652 420 ut
684 370 926 421 ventres
956 363 1161 419 lamna
1190 363 1487 420 candente
1517 371 1809 439 nepotum

302 446 552 504 Diceret
580 444 846 501 urendos
876 450 1180 499 correctus
1211 443 1472 501 Bestius.
1560 444 1750 514 Idem,

303 525 610 602 Quicquid
638 528 771 581 erat
802 529 1017 580 nactus
1047 524 1308 598 praedae
1339 525 1603 597 majoris,
1636 525 1738 582 ubi
1771 543 1946 583 omne

299 604 589 665 Verterat
617 606 681 662 iu
711 604 941 660 fumum
976 610 1038 660 et
1066 603 1346 672 cinerem,
1383 608 1415 633 ‘⁴
1441 604 1495 661 N
1504 623 1583 661 on
1612 604 1849 663 hercule
1881 606 2121 677 miror,''

301 687 546 755 Aiebat,
579 686 685 742 “si
716 686 817 760 qui
846 684 1171 741 comedunt
1201 685 1376 752 bona,
1409 703 1544 741 cum
1575 686 1657 743 sit
1686 686 1867 744 obeso
2094 696 2163 751 40

300 766 412 824 Nil
442 766 656 825 melius
685 765 882 835 turd0,
917 764 1001 820 nil
1034 765 1217 822 volva
1248 765 1558 839 pulchrius
1589 767 1847 843 ampla.''

298 845 601 904 Nimirum
636 847 732 904 hic
761 864 875 921 ego
908 862 1040 902 sum
1071 867 1084 920 ;
1131 863 1273 902 nam
1303 852 1440 902 tuta
1467 852 1530 903 et
1558 847 1815 921 parvula
1843 847 2041 918 laudo,

301 925 461 984 Cum
490 945 585 984 res
613 926 915 996 deficiunt,
951 926 1104 983 satis
1136 926 1294 983 inter
1323 926 1470 983 vilia
1500 927 1674 984 fortis
1701 947 1716 999 3

299 1006 532 1064 Verum
561 1008 663 1064 ubi
694 1007 841 1082 quid
872 1006 1090 1063 melius
1120 1006 1423 1081 contingit
1452 1013 1512 1064 et
1541 1007 1804 1077 unctius,
1835 1007 1995 1066 idem

298 1086 434 1144 Vos
463 1105 668 1162 sapere
698 1096 761 1143 et
792 1086 954 1143 solos
986 1086 1083 1143 aio
1112 1086 1265 1143 bene
1297 1088 1517 1157 vivere,
1549 1104 1806 1161 quorum
2085 1087 2159 1143 45

299 1165 687 1243 Conspicitur
719 1167 931 1223 nitidis
961 1167 1221 1224 fundata
1248 1166 1507 1242 pecunia
1535 1166 1713 1224 villis
1771 1205 1820 1258 Χ

1141 1391 1323 1450 XVI.

292 1511 392 1572 Ne
420 1515 810 1591 perconteris,
844 1515 1073 1573 fundus
1103 1532 1292 1586 meuS,
1327 1515 1555 1590 optime
1589 1514 1821 1589 Quinti,

293 1594 464 1653 Arvo
493 1600 708 1670 pascat
739 1595 952 1652 herum
986 1613 1063 1652 an
1093 1595 1263 1652 bacis
1294 1596 1606 1671 opulentet
1636 1596 1852 1668 olivae,

291 1674 596 1745 Pomisne,
630 1693 708 1733 an
739 1676 955 1750 pratiS,
991 1694 1069 1732 an
1103 1675 1329 1733 amicta
1359 1675 1587 1733 vitibus
1616 1675 1800 1746 ulm0,

294 1753 600 1813 Scribetur
627 1756 739 1812 tibi
774 1757 969 1813 forma
999 1754 1338 1829 loquaciter
1367 1767 1429 1812 et
1459 1756 1616 1812 situs
1648 1756 1795 1831 agri.

294 1833 576 1893 Continui
608 1841 863 1905 montes,
898 1836 960 1892 ni
997 1834 1403 1893 dissocientur
1433 1853 1623 1911 opaca
2116 1842 2150 1895 5

292 1914 484 1986 Valle,
518 1916 627 1974 sed
658 1922 728 1973 ut
760 1916 1013 1973 veniens
1047 1915 1330 1972 dextrum
1361 1915 1523 1972 latus
1555 1916 1812 1990 aspiciat
1844 1914 1965 1986 Sol,

293 1994 562 2053 Laevum
593 1996 912 2053 discedens
947 2012 1127 2052 curru
1159 1995 1431 2070 fugiente
1462 2003 1730 2071 vaporet.

289 2074 662 2151 Temperiem
692 2076 919 2133 laudes
1017 2075 1197 2147 Quid,
1230 2077 1281 2132 si
1311 2076 1646 2133 rubicunda
1674 2065 1923 2149 benigni

287 2152 477 2213 Corna
506 2153 720 2231 vepres
751 2161 813 2212 et
840 2173 1037 2232 pruna
1070 2154 1313 2213 ferant?
1359 2157 1411 2212 si
1441 2173 1696 2231 quercus
1724 2163 1787 2212 et
1817 2156 1937 2211 ilex

284 2233 480 2293 Multa
509 2236 681 2310 fruge
710 2253 912 2312 pecus,
948 2236 1141 2292 multa
1175 2237 1488 2294 dominum
1522 2238 1710 2310 juvet.
1729 2233 1991 2292 umbra?
2075 2234 2149 2291 10

284 2315 464 2374 Dicas
495 2316 825 2374 adductum
858 2316 1115 2391 propius
1147 2317 1424 2373 fronde-re
1457 2316 1803 2374 Tarentum.

282 2393 443 2454 Fons
473 2396 660 2454 etiam
692 2396 822 2453 rivo
855 2397 999 2454 dare
1034 2414 1256 2454 nomen
1287 2397 1556 2467 idoneuS,
1588 2404 1656 2453 ut
1685 2414 1792 2453 nec

281 2475 584 2551 Frigidior
615 2476 917 2534 Thracam
951 2495 1060 2534 nec
1091 2478 1302 2552 purior
1331 2478 1563 2535 ambiat
1595 2477 1859 2548 Hebrus,

279 2556 524 2615 Infirmo
556 2557 740 2631 capiti
774 2556 907 2614 fluit
941 2557 1126 2627 utilis,
1154 2558 1324 2615 utilis
1355 2558 1507 2615 alvo
1869 2601 1876 2608 .

279 2636 411 2694 Hae
439 2637 708 2695 latebrae
742 2638 967 2708 dulces,
1005 2639 1210 2708 etiam,
1246 2638 1299 2694 si
1330 2639 1543 2708 crediS,
1577 2655 1881 2707 amoenae,
2075 2636 2146 2691 15

276 2716 648 2786 Incolumem
677 2718 790 2775 tibi
821 2737 915 2788 me
948 2725 1269 2793 praestant
1301 2717 1754 2793 Septembribus
1784 2716 1968 2776 horiS.

352 2876 444 2935 Tu
472 2885 632 2937 recte
665 2880 841 2946 vivis
866 2878 929 2938 ,si
964 2897 1139 2937 curas
1172 2896 1307 2937 esse
1339 2880 1500 2954 quod
1533 2878 1721 2935 audis

273 2957 315 3015 J
318 2966 588 3017 actamus
621 2953 990 3035 jampridem
1026 2959 1225 3017 omnis
1257 2967 1316 3016 te
1350 2959 1552 3015 Roma
1579 2959 1862 3031 beatum;

276 3036 391 3096 Sed
421 3057 633 3098 vereor
663 3059 737 3097 ne
769 3041 865 3098 cui
894 3041 968 3097 de
999 3047 1058 3097 te
1089 3040 1229 3115 plus
1261 3057 1442 3114 quam
1475 3038 1582 3096 tibi
1616 3039 1843 3107 credas,

329 3208 383 3251 35
406 3209 574 3266 agnini
639 3208 695 3254 37
709 3212 972 3268 correptus,
987 3212 1225 3253 corrector
1239 3208 1492 3252 Lambinus
1553 3209 1608 3251 41
1630 3208 1777 3251 vulva
1839 3207 1863 3248 1
1886 3206 2076 3258 Quincti

327 3268 354 3311 2
375 3268 529 3313 baccis
561 3270 566 3275 '
608 3270 634 3313 3
658 3274 705 3313 et
726 3271 881 3330 pratis
956 3272 981 3312 5
1006 3270 1046 3312 si
1125 3269 1149 3314 7
1173 3269 1466 3312 descendens
1548 3269 1573 3311 8
1597 3268 1817 3323 benigne,
1840 3266 2077 3320 benignae

502 3330 529 3373 9
553 3329 722 3384 ferent,
746 3330 908 3373 ferunt
930 3344 952 3371 e
978 3330 1096 3372 coni.
1222 3329 1247 3371 9
1272 3332 1319 3371 et
1341 3342 1543 3386 quercus
1668 3328 1722 3369 10
1747 3326 1882 3368 iuvat

748 3389 806 3431 14
828 3391 971 3447 aptus
996 3392 1043 3431 et
1065 3388 1200 3431 utilis
1326 3389 1380 3430 15
1405 3391 1467 3441 et,
1491 3388 1588 3430 iam
1613 3385 1654 3427 si
