2367 3784
978 227 1124 275 ms.
1174 227 1256 275 11.
1308 212 1404 289 10,
1443 213 1520 275 11

479 385 780 463 ffSperat
807 385 1065 454 infestiS,
1098 387 1318 443 metuit
1346 386 1627 445 secundis

458 498 545 588 k,

472 3468 527 3514 18

561 466 835 524 Alteram
867 473 1091 522 sortem
1124 466 1273 522 bene
1302 471 1729 541 praeparatum

564 546 801 604 Pectus
889 545 1187 602 Informes
1219 545 1447 603 hiemes
1477 546 1710 604 reducit

668 626 721 639 ““
878 626 919 684 J
926 626 1178 701 upplter,
1224 626 1383 683 idem

563 705 934 765 Summovet.
1022 705 1079 762 N
1085 724 1179 776 on,
1213 706 1264 762 si
1295 706 1449 763 male
1480 724 1655 777 nunc,
1687 711 1750 763 et
1779 706 1923 766 olim

563 785 663 845 Sic
693 787 842 844 erit:
887 786 1191 861 quondam
1224 783 1467 843 cithara
1486 792 1789 844 tacentem

564 865 836 926 Suscitat
865 866 1127 934 Musam,
1164 884 1356 941 neque
1388 884 1625 942 semper
1652 884 1858 925 arcum

882 947 1105 1004 Tendit
1150 946 1391 1020 Apollo.

562 1027 772 1086 Rebus
802 1028 1081 1102 angustis
1112 1027 1424 1083 animosus
1454 1032 1632 1102 atque

564 1106 769 1166 Fortis
801 1125 1055 1183 appare3
1100 1107 1407 1182 sapienter
1434 1107 1592 1163 idem

564 1185 904 1249 Contrahes
936 1194 1116 1244 vento
1147 1188 1396 1244 nimium
1429 1186 1695 1246 secundo

879 1266 1152 1343 Turgida
1197 1267 1344 1324 vela.

1199 1507 1315 1565 XI.
1741 1480 1934 1587 <m
1961 1520 2002 1541 κ

563 1631 724 1706 Quid
752 1631 1076 1689 bellicosus
1110 1630 1420 1690 Cantaber
1449 1638 1556 1689 aut
1586 1630 1866 1708 Scythes,

568 1711 824 1787 Hirpine
855 1711 1086 1785 Quinti,
1121 1712 1352 1785 cogitet
1383 1711 1621 1769 Hadria

640 1791 897 1849 Divisus
940 1792 1189 1865 objectO,
1239 1791 1516 1849 remittas

722 1872 1043 1964 Quaerere,
1088 1890 1199 1929 nec
1244 1871 1509 1947 trepides
1553 1872 1615 1928 in
1658 1889 1836 1930 usum

561 1951 878 2010 Poscentis
906 1952 1041 2008 aevi
1070 1969 1282 2027 pauca.
1371 1951 1562 2028 Fugit
1589 1959 1751 2009 retro

561 2031 748 2090 Levis
781 2033 1069 2106 juventas
1111 2039 1173 2088 et
1219 2032 1413 2102 decor,
1460 2023 1641 2089 arida

641 2111 910 2169 Pellente
955 2111 1219 2168 lascivos
1264 2129 1500 2170 amores

726 2185 981 2250 Oanitie
1008 2192 1364 2267 facilemque
1408 2209 1705 2250 somnum.

558 2271 701 2331 Non
732 2289 967 2348 semper
996 2272 1156 2330 idem
1192 2271 1439 2329 floribus
1467 2279 1561 2330 est
1592 2271 1784 2329 honor

558 2351 798 2422 VerniS,
832 2370 1022 2427 neque
1052 2370 1174 2409 uno
1210 2352 1389 2409 Luna
1416 2352 1638 2411 rubens
1666 2353 1823 2411 nitet

637 2432 862 2491 Voltu:
907 2432 1051 2507 quid
1098 2433 1364 2489 aeternis
1407 2433 1700 2491 minorem

716 2511 1000 2570 Consiliis
1045 2513 1319 2569 animum
1362 2508 1632 2587 fatigas?

559 2593 685 2653 Cur
713 2610 831 2649 non
863 2593 974 2650 sub
1006 2593 1132 2651 alta
1164 2593 1261 2649 vel
1290 2590 1540 2668 platano
1574 2593 1666 2652 vel
1699 2588 1812 2652 hac

556 2673 716 2733 Pinu
746 2674 1020 2747 Jaccntes
1064 2672 1150 2730 sic
1196 2680 1437 2743 temere,
1482 2680 1545 2731 et
1586 2692 1727 2732 rosa

638 2753 838 2812 Canos
882 2753 1122 2810 odorati
1169 2753 1437 2827 capiIIOS‚

710 2833 873 2890 Dum
917 2833 1075 2902 licet,
1123 2832 1509 2909 Assyriaque
1553 2835 1741 2892 nardo

555 2914 847 2972 Potamus
889 2911 1098 2971 uncti?
1185 2913 1464 2989 Dissipat
1497 2914 1691 2972 Euius
1735 2912 1768 2969 ἱ
1831 2912 1930 2974 [cs

552 2994 747 3054 Curas
790 2994 1018 3051 edaces,
1109 2993 1263 3068 Quis
1304 3011 1453 3069 puer
1494 2995 1660 3052 ocius

630 3074 1002 3147 Restinguet
1046 3074 1318 3131 ardentis
1363 3073 1604 3131 Falerni

709 3154 936 3212 Pocula
976 3160 1395 3230 praetereunte
1439 3151 1735 3230 lympha?

549 3235 700 3308 Quis
729 3235 972 3292 devium
1005 3239 1270 3291 scortum
1301 3233 1496 3292 eliciet
1527 3236 1704 3292 domo

548 3313 814 3391 Lyden?
902 3314 1172 3382 Eburna‚
1207 3313 1302 3370 dic
1333 3330 1472 3386 age,·
1499 3332 1634 3370 cum
1665 3314 1803 3389 lyra

548 3467 762 3513 citharae
887 3467 909 3510 1
934 3469 982 3508 et
1105 3466 1133 3507 4
1155 3478 1215 3508 ne
1341 3466 1395 3508 15
1417 3465 1619 3508 odorata
1739 3464 1794 3507 17
1821 3459 2003 3504 Euhiu-

2108 215 2182 269 53

2113 559 2179 615 15

2107 959 2182 1014 20

2094 2353 2164 2411 10

2090 2755 2162 2811 15

2085 3154 2158 3210 20
