2367 3784
287 111 411 172 100

836 126 1125 174 HORA‘I’I
1177 125 1590 174 CARMINVM

525 284 733 342 Instar
765 285 922 341 veris
951 285 1114 342 enim
1145 285 1348 342 voltus
1377 284 1483 341 ubi
1511 290 1657 342 tuus

525 363 777 422 Affulsit
817 365 1056 440 populo,
1101 365 1331 440 gratior
1370 364 1422 421 it
1464 364 1594 422 dies

685 443 770 501 Et
811 444 971 502 soles
1014 445 1232 502 melius
1276 445 1485 502 nitent.

524 522 614 581 Ut
643 530 838 581 mater
869 525 1176 599 juvenem,
1211 542 1389 601 quem
1423 523 1628 582 Notus
1657 523 1867 583 invido

523 603 709 662 Flatu
740 604 1054 681 Carpathii
1084 611 1258 662 trans
1286 605 1475 662 maris
1505 621 1769 681 aequora
2057 612 2123 668 10

524 684 931 744 Cunctantem
961 685 1161 760 spatio
1193 686 1436 759 longius
1467 703 1667 742 annuo

683 765 861 823 Dulci
904 766 1157 824 distinet
1202 783 1239 823 a
1280 766 1479 836 dom0,

520 844 705 903 Votis
735 846 1158 922 ominibusque
1191 851 1254 904 et
1280 846 1558 922 precibus
1590 850 1783 915 vocat,

519 925 724 984 Curvo
755 944 862 984 nec
892 926 1108 984 faciem
1140 927 1317 984 litore
1349 926 1657 984 dimovet:

521 1005 623 1064 Sic
667 1007 988 1064 desideriis
1028 1007 1152 1064 icta
1202 1006 1480 1064 fidelibus
2058 1010 2122 1066 15

678 1087 932 1161 Quaerit
973 1087 1176 1162 patria
1227 1087 1567 1146 Caesarem.

519 1166 717 1224 Tutus
747 1168 857 1225 bos
887 1168 1112 1225 etenim
1149 1184 1293 1225 rura
1320 1167 1721 1243 perambulat,

514 1245 571 1303 N
578 1248 726 1305 utrit
754 1265 895 1305 rura
929 1247 1116 1306 Ceres
1154 1248 1434 1323 almaque
1469 1247 1801 1317 Faustitas

515 1327 813 1386 Pacatum
846 1328 1108 1385 volitant
1142 1344 1254 1402 per
1282 1346 1449 1384 mare
1483 1329 1744 1398 navitae,

677 1408 926 1484 Culpari
971 1408 1200 1465 metuit
1244 1408 1446 1480 Fides,
2060 1412 2128 1467 20

512 1485 718 1546 Nullis
747 1489 1044 1564 polluitur
1075 1494 1251 1546 casta
1281 1489 1501 1547 domus
1531 1487 1781 1564 stupriS,

513 1567 656 1626 Mos
683 1574 746 1626 et
774 1568 873 1626 lex
904 1568 1290 1627 maculosum
1322 1569 1596 1627 edomuit
1626 1569 1813 1640 nesae,

511 1647 874 1706 Laudantur
903 1649 1086 1706 simili
1119 1650 1287 1724 prole
1316 1666 1664 1725 puerperae,

710 1728 970 1804 Culpam
1000 1747 1200 1805 poena
1227 1731 1451 1806 premit
1478 1747 1696 1787 comes

508 1807 661 1881 Quis
692 1807 990 1867 Parthum
1021 1816 1268 1884 paveat,
1289 1811 1423 1886 quis
1454 1809 1723 1885 gelidum
1749 1808 2038 1884 Scythen,
2069 1809 2139 1866 25

510 1887 665 1961 Quis
697 1888 1023 1947 Germania
1053 1908 1210 1966 quos
1242 1889 1486 1948 horrida
1512 1889 1771 1966 parturit

510 1967 718 2037 Fetus,
752 1969 1034 2027 incolumi
1065 1968 1377 2029 Caesare?
1421 1971 1557 2047 quis
1584 1969 1747 2027 ferae

668 2048 908 2107 Bellum
938 2056 1109 2108 curet
1143 2049 1480 2108 Hiberiae?

511 2126 737 2187 Condit
765 2131 1019 2206 quisque
1053 2130 1217 2188 diem
1250 2131 1504 2189 collibus
1533 2131 1595 2188 in
1624 2130 1770 2202 suis,

510 2207 596 2266 Et
624 2209 812 2268 vitem
843 2211 1062 2269 viduas
1095 2211 1268 2268 ducit
1297 2211 1376 2269 ad
1403 2212 1685 2285 arbores;
2079 2209 2151 2267 30

512 2288 677 2346 Hinc
708 2290 788 2347 ad
819 2290 962 2347 vina
996 2291 1174 2361 redit,
1208 2291 1405 2348 laetus
1432 2298 1494 2349 et
1524 2291 1731 2349 alteris
1812 2292 1901 2341 A„
1992 2320 1999 2329 ·
2088 2302 2101 2317 ¹

673 2369 759 2428 Te
789 2371 1015 2427 mensis
1048 2371 1299 2430 adhibet
1327 2371 1506 2428 deum
1518 2370 1545 2445 ';
1779 2398 1783 2403 v

512 2447 600 2506 Te
628 2450 824 2507 multa
851 2468 1045 2526 prece,
1079 2457 1141 2509 te
1170 2451 1554 2528 prosequitur
1583 2468 1749 2509 mero

514 2527 752 2587 Defuso·
775 2522 1019 2605 pateriS,
1053 2536 1114 2589 et
1147 2531 1410 2589 Laribus
1452 2537 1627 2589 tuum

512 2607 735 2668 Miscet
763 2629 1002 2682 numen,
1036 2611 1127 2668 uti
1159 2611 1433 2683 Graecia,
1467 2611 1741 2670 Castoris
2084 2608 2154 2665 35

673 2690 756 2749 Et
784 2692 992 2766 magni
1021 2709 1253 2749 memor
1283 2691 1581 2749 Herculis.

461 2771 498 2799 “
517 2767 769 2846 Longas
800 2789 834 2828 o
865 2773 1119 2843 utinam,
1154 2772 1279 2830 dux
1306 2772 1479 2842 bone,
1511 2772 1693 2830 ferias

515 2848 802 2908 Praestes
828 2851 1163 2929 Hesperiae
1186 2850 1199 2910 1
1224 2855 1257 2886 ’'
1286 2852 1543 2911 dicimus
1571 2852 1813 2926 integro

515 2927 674 2987 Sicci
701 2948 877 2988 mane
908 2932 1024 3002 die,
1056 2932 1313 2990 dicimus
1342 2933 1532 3003 uvidi,

676 3008 831 3067 Cum
861 3011 953 3068 sol
986 3010 1231 3070 Oceano
1260 3012 1486 3071 subest.
2085 3006 2159 3062 40

337 3175 366 3218 ο
386 3175 551 3220 vuitus
665 3174 692 3221 ’τ
716 3146 896 3219 effulsit
1011 3178 1069 3220 14
1091 3176 1314 3224 demovet
1429 3179 1486 3222 18
1510 3181 1756 3224 nutritura
1869 3179 1927 3222 81
1949 3178 2086 3224 venit

767 3282 776 3297 s
815 3235 876 3278 34
896 3234 1070 3279 diffuso
1433 3238 1489 3282 37
1519 3251 1605 3282 rex
