2367 3784
916 173 1062 222 mn.
1109 173 1157 220 1.
1207 158 1421 219 23-25
2012 160 2098 221 35

468 333 685 394 Multis
713 334 814 391 ille
846 334 1020 390 bonis
1049 332 1270 390 flebilis
1297 331 1535 401 occidit,

467 414 638 473 Nulli
668 413 924 472 flebilior
952 431 1135 490 quam
1165 413 1295 483 tibi,
1331 412 1584 489 Vergili.
2024 415 2096 475 10

473 496 570 553 Tu
599 496 824 552 frustra
852 494 994 570 pius
1024 493 1143 551 heu
1172 511 1292 550 non
1325 492 1413 550 ita
1441 494 1736 552 creditum

632 576 846 633 Poscis
891 575 1257 649 Quintilium
1300 574 1460 631 deos,

471 657 635 732 Quid
665 657 713 713 si
746 655 1027 713 Threicio
1060 654 1344 712 blandius
1375 654 1618 731 Orpheo

469 737 772 795 Auditam
802 718 1121 794 moderere
1146 734 1462 792 arboribus
1495 732 1708 793 fidem?

471 815 637 875 Num
669 834 862 874 vanae
894 817 1102 874 redeat
1133 815 1389 891 sanguis
1419 815 1688 891 imagini,
2018 814 2087 872 15

636 898 834 971 Quam
866 898 1041 972 virga
1072 897 1260 954 semel
1291 894 1550 966 horrida,

473 976 614 1035 Non
644 978 797 1035 lenis
826 978 1105 1054 precibus
1138 977 1268 1034 fata
1298 977 1617 1046 recludere,

474 1056 672 1133 Nigro
701 1058 1060 1133 compulerit
1093 1057 1434 1115 Mercurius
1463 1053 1683 1132 gregi?

472 1137 747 1195 Durum.
792 1138 899 1195 sed
929 1139 1125 1195 levius
1156 1138 1221 1195 fit
1250 1136 1550 1215 patientia

634 1219 934 1294 Quicquid
965 1220 1267 1293 corrigere
1296 1222 1391 1275 est
1420 1217 1604 1274 nefas,
2014 1211 2090 1268 20

941 1382 1002 1523 [
1065 1416 1279 1475 xxv.
1645 1392 1848 1521 ff

474 1539 726 1600 Parcius
745 1543 992 1615 junctas
1023 1543 1311 1616 quatiunt
1340 1542 1639 1598 fenestras

473 1619 705 1679 Ictibus
734 1621 959 1678 crebris
981 1622 1242 1695 juvenes
1273 1621 1556 1696 protervi,

476 1698 605 1758 Nec
631 1701 746 1758 tibi
776 1718 1022 1758 somnos
1056 1701 1350 1771 adimunt,
1384 1706 1669 1776 amatque

785 1781 993 1839 Janua
1038 1781 1238 1853 limen,

475 1861 643 1935 Quae
672 1860 842 1935 prius
871 1861 1133 1918 multum
1167 1861 1360 1919 facilis
1390 1860 1675 1918 movebat
2055 1850 2090 1906 5

476 1939 806 2013 Cardine33
852 1941 1026 1998 audis
1061 1942 1266 1998 minus
1294 1947 1357 1999 et
1383 1941 1585 1997 minus
1603 1941 1767 2013 jam:

474 2025 508 2050 ‘⁸
529 2019 631 2078 Me
661 2027 767 2077 tuo
796 2020 1012 2095 longas
1048 2027 1337 2096 pereunte
1367 2025 1592 2088 noctes»,

796 2100 1014 2177 Lydia,
1065 2099 1390 2159 dormis?’'

473 2181 744 2239 Invicem
772 2182 1058 2240 moechos
1092 2200 1247 2239 anus
1278 2185 1633 2256 arrogantes

475 2260 681 2319 Flebis
714 2262 775 2319 in
805 2263 934 2320 solo
964 2250 1139 2321 Ιὸνίε
1154 2263 1498 2338 angiportu,
2021 2247 2093 2305 10

378 2360 387 2366 ·
475 2339 735 2400 Thracio
765 2343 1097 2402 bacchante
1129 2345 1327 2419 magis
1356 2343 1470 2400 sub
1498 2342 1676 2399 inter·

648 2424 705 2435 “’“
792 2425 960 2483 lunia
1004 2432 1205 2493 vento,

477 2502 631 2561 Cum
664 2505 775 2562 tibi
804 2504 1072 2581 flagrans
1107 2523 1291 2574 amor,
1323 2516 1386 2562 et
1416 2503 1602 2562 libido

477 2583 645 2656 Quae
675 2586 831 2642 solet
860 2593 1087 2643 matres
1120 2586 1339 2644 furiare
1369 2601 1679 2660 equorum,

479 2662 726 2723 Saeviet
754 2667 912 2723 circa
932 2668 1103 2741 jecur
1134 2667 1494 2735 ulcerosum,
2019 2672 2091 2730 15

796 2746 938 2804 Non
982 2748 1108 2805 sine
1151 2756 1388 2837 questu,

480 2824 674 2884 Laeta
701 2828 861 2903 quod
892 2830 1084 2904 pubes
1117 2822 1348 2885 hedera
1373 2826 1594 2884 virenti

480 2904 759 2965 Gaudeat
788 2909 954 2983 pulla
988 2909 1186 2984 magis
1219 2916 1400 2983 atque
1432 2913 1651 2983 myrt0‚

481 2985 706 3045 Aridas
737 2989 981 3046 frondes
1016 2989 1236 3047 hiemis
1266 2988 1460 3046 sodali

801 3068 1058 3126 Dedicet
1103 3068 1329 3127 Hebro,
1397 3060 1564 3127 ‘au-e
1601 3104 1608 3111 -
2017 3072 2090 3129 20

164 3194 244 3242 ³10
264 3192 448 3251 virgili
618 3193 674 3238 13
696 3192 825 3252 quod
847 3191 888 3235 si
1071 3193 1126 3235 1·5
1150 3204 1245 3234 non
1430 3192 1485 3234 18
1510 3192 1661 3248 gregi.
1833 3191 1860 3235 2
1884 3191 2087 3235 iactibus

346 3256 375 3298 ὅ
397 3253 561 3298 facilen
683 3254 739 3298 17
764 3253 948 3295 virente
1069 3252 1125 3295 20
1151 3251 1280 3294 Euro
1303 3266 1326 3294 e
1348 3252 1466 3293 com'.
1495 3251 1568 3302 B„
1595 3251 1674 3301 H..
1699 3251 1841 3302 Mur..
1870 3252 1920 3295 Ρ.
