2367 3784
120 160 249 224 244
921 173 1210 222 Horum

201 331 528 410 Ingenium
558 331 777 391 misera
805 333 951 409 quia
979 332 1351 391 fortunatius
1382 337 1510 390 arte
1876 335 1991 393 295

124 414 337 475 Credit
364 420 427 472 et
453 414 724 471 excludit
752 432 936 472 sanos
968 413 1263 471 Helicone
1295 417 1505 488 poetas

123 495 527 563 Democritus,
560 494 721 551 bona
750 512 891 568 pars
922 512 1044 551 non
1074 511 1312 568 ungues
1340 509 1562 569 ponere
1593 499 1782 563 curat,

124 576 181 634 N
189 595 267 634 on
295 575 564 644 barbam,
597 580 829 631 secreta
858 574 1011 650 petit
1038 574 1185 642 loca,
1219 574 1435 630 balnea
1463 575 1636 632 vitat.

122 656 181 714 N
188 656 526 728 anciscetur
555 656 715 711 enim
748 655 1009 728 pretium
1041 672 1382 728 nomenque
1412 657 1643 729 poetae,

128 736 193 795 Si
220 737 417 794 tribus
442 727 769 810 ‘Anticyris
799 742 980 810 caput
1009 734 1350 792 insanabile
1383 751 1713 809 numquam
1876 737 1992 793 300

127 817 383 875 Tonsori
414 816 629 872 Licino
660 815 1046 872 commiserit.
1135 813 1189 871 Ο
1219 832 1333 889 ego
1363 814 1592 883 laevuS,

127 897 245 971 Qui
273 913 500 971 purgor
529 895 709 952 bilem
741 896 854 952 sub
885 895 1056 952 verni
1087 894 1379 970 temporis
1410 894 1618 951 horam
1643 892 1657 952 l

124 976 184 1035 N
190 995 267 1033 on
299 977 454 1034 alius
484 976 708 1033 faceret
739 976 989 1033 meliora
1017 981 1316 1050 poemata.
1404 974 1636 1031 Verum

125 1057 231 1115 Nil
262 1057 418 1114 tanti
449 1061 557 1114 est.
646 1056 812 1130 Ergo
843 1056 1064 1130 fungar
1095 1056 1224 1112 vice
1255 1054 1423 1124 cotia
1457 1060 1700 1111 acutum

127 1137 406 1195 Reddere
438 1155 590 1212 quae
622 1136 845 1193 ferrum
876 1136 1057 1204 valet,
1089 1152 1301 1192 exsors
1332 1136 1466 1211 ipsa
1496 1135 1775 1209 secandi3
1879 1137 1992 1193 305

128 1217 356 1275 Munus
386 1223 449 1274 et
478 1215 752 1286 officium,
785 1215 870 1274 nil
902 1215 1172 1273 scribens
1206 1216 1349 1291 ipse,
1383 1215 1625 1286 doceb0,

126 1297 306 1355 Unde
335 1302 624 1373 parentur
654 1314 815 1372 opes,
849 1296 993 1371 quid
1025 1296 1153 1352 alat
1181 1295 1517 1370 formetque
1548 1303 1810 1370 poetam,

128 1378 291 1451 Quid
320 1378 548 1447 deceat,
581 1377 725 1452 quid
757 1394 895 1447 non,
928 1393 1048 1451 quo
1079 1377 1293 1447 virtUS,
1326 1394 1444 1451 quo
1474 1375 1626 1434 ferat
1654 1394 1832 1435 error.

209 1536 523 1596 Scribendi
551 1541 711 1594 recte
744 1553 957 1611 sapere
988 1541 1085 1593 est
1112 1542 1175 1593 et
1203 1534 1571 1611 principium
1603 1541 1665 1594 et
1694 1536 1845 1595 fons,

126 1618 284 1675 Rem
313 1615 423 1674 tibi
458 1616 802 1674 Socraticae
831 1622 1121 1691 poterunt
1151 1616 1467 1673 ostendere
1499 1615 1762 1688 chartae,
1881 1619 1997 1674 310

128 1697 450 1772 Verbaque
478 1697 787 1771 provisam
817 1714 944 1752 rem
975 1714 1097 1753 non
1127 1697 1324 1752 invita
1356 1704 1697 1771 sequentur.

130 1778 248 1852 Qui
280 1777 495 1835 didicit
522 1777 757 1852 patriae
787 1776 933 1852 quid
967 1777 1187 1834 debeat
1215 1783 1277 1834 et
1306 1776 1450 1851 quid
1483 1777 1713 1847 amiciS,

130 1859 266 1932 Quo
298 1858 378 1915 sit
407 1874 610 1914 amore
641 1875 876 1933 parem,
910 1875 1031 1932 quo
1063 1856 1249 1913 frater
1280 1857 1576 1914 amandus
1607 1862 1668 1913 et
1698 1855 1936 1932 hospeS,

130 1938 308 2012 Quod
338 1938 419 1995 sit
448 1936 791 2012 conscripti,
826 1938 986 2012 quod
1008 1937 1234 2011 judicis
1264 1936 1537 2006 officium,
1569 1954 1721 2013 quae

130 2018 347 2076 Partes
376 2018 436 2074 in
467 2017 693 2074 bellum
724 2017 896 2073 missi
927 2017 1114 2090 ducis,
1146 2018 1244 2074 ille
1274 2017 1541 2092 profecto
1885 2018 1999 2074 315

130 2098 408 2156 Reddere
439 2114 731 2172 personae
763 2098 879 2153 scit
910 2099 1335 2155 convenientia
1365 2098 1594 2172 cuique.

131 2177 459 2254 Respicere
489 2177 800 2253 exemplar
830 2178 996 2234 vitae
1026 2196 1379 2252 morumque
1400 2178 1626 2251 jubebo

132 2258 396 2315 Doctum
426 2258 814 2326 imitatorem,
845 2263 908 2314 et
939 2259 1114 2315 vivas
1144 2257 1284 2315 hinc
1314 2258 1531 2314 ducere
1563 2275 1757 2315 voceS.

128 2337 447 2396 Interdum
479 2338 751 2413 speciosa
780 2338 930 2395 locis
961 2345 1315 2413 morataque
1344 2345 1506 2395 recte

131 2417 369 2475 Fabula
395 2418 621 2475 nullius
653 2419 909 2487 veneria
944 2418 1074 2475 sine
1106 2419 1366 2494 pondere
1397 2423 1461 2475 et
1494 2424 1641 2489 arte,
1887 2419 2003 2476 320

132 2498 394 2556 Valdius
424 2498 689 2555 oblectat
718 2499 1011 2574 populum
1043 2499 1379 2572 meliusque
1411 2505 1699 2566 moratur,

135 2578 334 2652 Quam
364 2594 578 2635 versus
606 2578 818 2654 inopes
848 2595 1049 2635 rerum
1079 2596 1398 2654 nugaeque
1428 2596 1705 2636 canorae.

215 2736 395 2797 Grais
426 2738 756 2812 ingenium,
793 2738 974 2797 Grais
1003 2738 1172 2795 dedit
1202 2757 1301 2796 ore
1331 2739 1593 2797 rotundo

133 2817 317 2875 Musa
344 2818 525 2891 loqui,
555 2826 798 2895 praeter
828 2819 1069 2875 laudem
1102 2819 1326 2876 nullius
1357 2820 1577 2877 avaris,

133 2898 400 2956 Romani
429 2900 600 2973 pueri
630 2899 832 2974 longis
863 2899 1200 2956 rationibus
1231 2917 1431 2956 assem
1888 2901 2005 2956 325

133 2978 398 3036 Discunt
427 2978 488 3033 in
518 2986 726 3051 partes
756 2985 998 3037 centum
1030 2979 1328 3036 diducere.
1418 2980 1657 3037 “Dicat

136 3057 334 3116 Filius
367 3058 612 3117 Albini:
659 3059 723 3116 Si
755 3060 827 3116 de
858 3060 1191 3134 quincunce
1223 3066 1457 3116 remota
1487 3066 1581 3117 est

136 3139 353 3209 Uncia,
370 3138 516 3214 quid
537 3136 830 3212 superat?
875 3140 1132 3195 Poteras
1151 3139 1439 3196 dixisse.''
1472 3145 1503 3169 “
1522 3139 1796 3196 Trien5.''
1828 3144 1859 3167 “
1878 3136 2004 3196 Eul

155 3292 242 3335 305
266 3304 405 3335 exors
499 3290 583 3333 311
611 3292 875 3348 sequuntur
958 3290 1047 3333 314
1065 3291 1182 3349 quid
1200 3323 1210 3334 .
1228 3323 1239 3334 .
1257 3324 1267 3334 .
1284 3293 1401 3351 quid
1485 3293 1572 3336 318
1595 3304 1734 3336 veras
1750 3292 1988 3349 perpauci

197 3352 284 3397 319
309 3352 425 3395 iocis
508 3350 594 3395 323
621 3349 780 3393 Graiis
797 3380 807 3391 .
825 3380 836 3391 .
854 3380 864 3391 .
888 3349 1047 3393 Graiis
1133 3352 1221 3394 326
1238 3352 1369 3396 dicas
1394 3367 1416 3394 e
1438 3354 1555 3396 coni.
1642 3353 1728 3396 328
1753 3356 1947 3412 superet

751 3408 836 3451 328
860 3413 1048 3467 poterat
1172 3411 1258 3455 328
1285 3410 1392 3455 hem
