2367 3784
169 85 295 147 174
709 98 996 145 HORATI
1047 98 1491 146 SATIRARVM

207 315 218 325 ,
246 256 599 316 Libertinus
628 261 775 329 erat,
809 258 913 333 qui
943 258 1166 315 circum
1200 258 1467 332 compita
1496 258 1691 316 siccus

168 338 385 395 Lautis
416 357 592 394 mane
624 356 809 395 senex
838 339 1114 394 manibus
1144 339 1423 394 currebat
1452 343 1513 394 et
1544 344 1576 367 ‘⁴
1600 338 1808 395 Unum
1832 343 1863 372 ”

167 419 231 493 (“
256 419 416 491 Quid
460 425 588 474 tam
633 416 1020 492 magnum?⁷'
1065 418 1347 489 addens),
1384 423 1625 474 “unum
1667 436 1762 474 me
1799 420 2030 495 surpite

402 498 598 566 morti,

165 578 279 635 Dis
308 578 532 634 etenim
563 577 737 635 facile
768 585 862 634 est
883 577 946 635 1”
991 580 1205 635 orabat
1233 600 1246 652 ;
1293 596 1479 635 sanus
1510 579 1779 654 utrisque

165 658 440 715 Auribus
471 664 653 732 atque
685 659 910 732 oculis;
955 665 1241 729 mentem,
1275 659 1390 716 nisi
1420 658 1746 733 litigiosus»,
1919 658 2035 714 285

166 737 487 811 Exciperet
517 738 797 795 dominus
828 756 961 794 cum
986 738 1290 796 venderet.
1380 738 1515 795 Hoc
1547 757 1783 814 quoque
1807 739 2030 814 volgus

166 818 547 892 Chrysippus
576 818 746 894 ponit
775 818 1030 874 fecunda
1059 818 1121 874 in
1151 824 1334 893 gente
1368 818 1627 876 Meneni.

166 903 198 927 “
220 898 522 972 Juppiter,
555 899 838 972 ingentes
868 898 972 972 qui
1001 898 1112 955 das
1144 898 1481 973 adimisque
1512 898 1810 968 doloreS,''

165 978 366 1035 Mater
398 980 482 1035 ait
512 977 681 1052 pueri
714 995 956 1033 menses
986 980 1114 1052 jam
1149 979 1415 1053 quinque
1446 978 1745 1049 cubantiS,

165 1058 474 1132 “Frigida
507 1059 557 1114 si
587 1076 839 1133 puerum
874 1064 1173 1131 quartana
1205 1058 1528 1133 reliquerit,
1560 1058 1665 1115 illo
1920 1052 2037 1113 290

164 1137 347 1195 Mane
380 1138 492 1207 die,
526 1156 643 1213 quo
675 1145 739 1193 tu
770 1138 990 1195 indicis
1021 1139 1270 1211 jejunia,
1304 1138 1503 1194 nudus

163 1217 238 1274 In
268 1218 470 1275 Tiberi
503 1218 746 1275 stabit.”
835 1217 1034 1275 Casus
1065 1218 1410 1274 medicusve
1441 1217 1660 1275 levarit
1720 1226 1723 1229 ’

163 1298 436 1373 Aegrum
464 1316 539 1355 cx
566 1298 917 1373 praecipiti:
963 1305 1157 1354 mater
1187 1296 1380 1354 delira
1409 1299 1648 1355 necabit

163 1378 236 1435 In
267 1378 472 1453 gelida
501 1377 683 1435 fixum
716 1378 848 1452 ripa
877 1377 1208 1453 febrimque
1239 1378 1500 1435 reducet.

167 1459 380 1541 Quone
401 1458 560 1515 malo
581 1463 841 1514 mentem
861 1475 1183 1515 concussa.
1169 1456 1194 1501 ?
1242 1456 1481 1515 Timore
1502 1458 1765 1516 deorum.
1776 1460 1893 1499 '’--
1924 1453 2040 1510 295

243 1537 415 1595 Haec
447 1537 595 1594 mihi
629 1537 974 1607 Stertinius,
1009 1538 1355 1612 sapientum
1387 1545 1660 1608 octavus,
1696 1539 1890 1596 amico

163 1617 358 1676 Arma
387 1618 570 1685 dedit,
601 1617 860 1692 posthac
889 1636 962 1674 ne
995 1618 1388 1692 compellarer
1418 1584 1666 1676 inultus’.

166 1698 451 1755 Dixerit'
435 1715 718 1754 lusanum
749 1697 852 1772 qui
882 1715 992 1767 me,
1023 1698 1279 1754 totidem
1312 1698 1534 1767 audiet,
1568 1705 1748 1773 atque

164 1777 488 1853 Respicere
517 1779 730 1852 ignoto
760 1778 952 1834 discet
981 1778 1311 1853 pendentia
1340 1784 1531 1853 tergo,

242 1946 454 2004 Horat
534 1944 754 2014 Stoice,
814 1951 955 2021 post
1013 1945 1304 2002 damnum
1375 1945 1461 2003 sic
1522 1947 1749 2003 vendas
1824 1947 2033 2004 omnia

401 2026 610 2102 pluris,
1914 2025 2032 2080 300

167 2093 302 2181 Qua
329 2125 422 2163 me
455 2105 731 2175 stultitia,
764 2106 1051 2181 quoniam
1081 2124 1202 2163 non
1232 2111 1326 2162 est
1357 2124 1551 2181 genus
1581 2124 1796 2177 unum,

138 2185 437 2245 Insanire
466 2184 692 2261 putas?
778 2186 912 2258 Ego
944 2204 1085 2242 nam
1118 2186 1325 2243 videor
1353 2186 1500 2242 mihi
1531 2204 1732 2243 sanus,

164 2253 345 2325 Dam.
372 2264 566 2339 Quid?
594 2274 775 2341 caput
793 2267 1128 2323 abscissum
1144 2266 1427 2322 manibus
1442 2284 1576 2323 cum
1594 2273 1797 2341 portat
1811 2267 2034 2342 Agave

168 2346 351 2404 Gnati
384 2346 655 2415 infelicis,
689 2346 802 2401 sibi
833 2353 962 2402 tum
994 2346 1225 2402 furiosa
1254 2344 1538 2402 videtur?

167 2427 379 2484 Horat.
431 2425 701 2483 Stultum
724 2444 818 2481 me
843 2426 1053 2493 fateor,
1083 2426 1295 2500 (liceat
1319 2426 1642 2483 concedere
1666 2425 1880 2502 veris)
1920 2427 2036 2484 305

169 2507 373 2581 Atque
404 2507 589 2562 etiam
620 2506 936 2578 insanum3
980 2511 1219 2562 tantum
1255 2506 1366 2562 hoc
1396 2506 1679 2575 edissere,
1715 2525 1834 2581 quo
1868 2524 1963 2562 me

169 2588 506 2659 Aegrotare
536 2592 712 2658 putes
743 2586 932 2641 animi
964 2583 1157 2642 vitio?
1245 2588 1422 2650 Dam.
1471 2584 1733 2661 Accipe:
1767 2586 2035 2661 primum

170 2666 493 2736 AedificaS,
525 2666 637 2723 hoc
667 2671 778 2732 est,
810 2665 1028 2740 longos
1059 2666 1340 2732 imitariS,
1377 2666 1451 2722 ab
1482 2666 1603 2721 imo

169 2746 272 2804 Ad
302 2763 604 2803 summum
636 2752 805 2802 totus
835 2746 1065 2801 moduli
1098 2745 1433 2820 bipedalis3
1478 2751 1540 2802 et
1567 2746 1727 2801 idem

172 2827 438 2900 Corpore
468 2828 754 2899 majorem
782 2825 944 2881 rides
975 2825 1280 2882 Turbonis
1312 2826 1373 2881 in
1405 2826 1588 2881 armis
1914 2827 2034 2882 310

172 2906 467 2980 Spiritum
497 2912 560 2962 et
589 2906 891 2976 inqessum
918 2927 931 2962 z
977 2906 1079 2980 qui
1109 2905 1401 2961 ridiculus
1432 2906 1635 2962 minus
1664 2903 1814 2961 illo?

169 2987 272 3042 An
302 2985 718 3060 quodcumque
750 2985 894 3042 facit
925 2985 1269 3054 MaecenaS,
1301 2992 1361 3041 te
1393 3003 1630 3061 quoque
1661 3003 1873 3042 verum
1916 2991 2036 3055 est,

171 3064 437 3122 Tantum
466 3065 843 3134 dissimilem,
875 3071 937 3121 ct
966 3071 1140 3122 tauto
1169 3072 1399 3122 certare
1430 3065 1721 3122 minorem
1746 3063 1770 3121 ?

231 3205 319 3248 283
342 3205 572 3263 quiddam
665 3206 752 3248 292
776 3206 1081 3264 medicusque
1174 3206 1261 3249 295
1284 3219 1511 3265 percussa
1604 3206 1690 3249 300
1715 3206 1983 3266 dampnum

457 3266 541 3309 301
567 3279 712 3324 quam
734 3279 809 3308 me
833 3267 1090 3309 stultitiam
1116 3282 1138 3308 e
1162 3268 1281 3309 coni.
1406 3267 1493 3310 303
1518 3266 1758 3310 abscisum

552 3326 637 3369 303
665 3327 859 3369 demens
882 3340 988 3370 cum
1113 3327 1201 3378 313
1224 3330 1360 3369 tanto
1384 3326 1668 3370 dissimilem
