2367 3784
279 126 365 188 58
758 130 765 135 ’
848 141 1128 189 ΗοΒΑΤῙ
1180 142 1595 190 οΑΒΜιΝνκ

522 300 773 358 Vivitur
813 317 1001 376 parvo
1045 301 1198 358 bene
1242 302 1337 358 cui
1380 308 1701 376 paternum
2366 364 2367 373 χ

524 379 816 455 Splendet
859 381 923 437 iu
967 397 1177 438 mensa
1221 382 1387 438 tenui
1434 380 1719 451 salinum,

522 460 575 517 N
585 478 652 518 ec
681 460 845 518 leves
876 478 1125 518 somnos
1156 462 1340 520 timor
1368 469 1475 519 aut
1503 461 1722 536 cupido
2086 464 2160 519 15

764 540 1061 599 Sordidus
1105 543 1317 600 aufert.

525 621 687 694 Quid
730 622 901 678 brevi
946 621 1134 679 fortes
1169 623 1512 696 jaculamur
1557 640 1711 680 aevo

520 699 768 759 Multa?
853 702 1014 775 Quid
1061 710 1258 759 terras
1302 703 1420 760 alio
1464 702 1735 760 calentes

522 780 664 847 Sole
695 780 1048 839 mutamus?
1138 782 1382 840 Patriae
1426 784 1562 859 quis
1603 783 1742 843 exul

274 838 407 925 ἄ
768 861 845 920 Se
890 880 1128 937 quoque
1176 861 1383 938 fugit?
2080 862 2160 916 2)

524 942 780 1002 Scandit
824 949 1062 1000 aeratas
1109 943 1334 1000 vitiosa
1376 960 1562 1000 naves

525 1023 704 1092 Cura,
738 1040 847 1080 nec
878 1031 1116 1080 turmas
1147 1025 1422 1099 equitum
1454 1023 1761 1099 relinquit,

522 1101 705 1161 Ocior
747 1103 960 1168 cervis
1009 1112 1070 1160 et
1115 1110 1338 1178 agente
1382 1103 1621 1161 nimbos

762 1182 944 1240 Ocior
989 1183 1170 1240 Eur0.

523 1264 757 1322 Laetus
788 1264 848 1320 in
880 1281 1173 1337 praesens
1205 1264 1445 1321 animus
1474 1263 1635 1339 quod
1667 1264 1828 1321 ultra
1852 1268 1949 1320 est
2082 1262 2157 1317 25

523 1343 737 1403 Oderit
779 1361 1009 1413 curare,
1055 1350 1118 1401 et
1161 1362 1368 1401 amara
1409 1344 1574 1400 lento

521 1423 846 1500 Temperet
887 1424 1054 1496 risu3
1099 1424 1251 1481 nihil
1291 1432 1388 1482 est
1429 1425 1505 1481 ab
1548 1425 1713 1483 omni

763 1504 948 1561 Parte
991 1504 1253 1563 beatum.

464 1586 474 1645 ἓ
524 1583 801 1642 Abstulit
831 1584 1059 1641 clarum
1091 1586 1213 1642 cita
1240 1602 1405 1643 mors
1436 1585 1758 1655 Achillem,

525 1663 744 1739 Longa
788 1665 1122 1721 Tithonum
1165 1666 1385 1723 minuit
1427 1673 1721 1735 senectus,
2081 1661 2162 1716 80

522 1744 607 1802 Et
648 1745 799 1801 mihi
841 1746 1060 1813 forsan,
1107 1745 1219 1812 tibi
1264 1746 1423 1821 quod
1466 1746 1724 1821 negarIt,

763 1825 1045 1899 Porriget
1090 1825 1254 1883 hora.

462 1903 609 1962 Te
641 1923 858 1980 greges
888 1910 1132 1962 centum
1166 1905 1521 1982 Siculaeque
1552 1906 1775 1963 circum

524 1984 817 2060 Mugiunt
846 2003 1084 2056 vaccae,
1120 1986 1234 2044 tibi
1265 1986 1428 2043 tollit
1458 1986 1766 2043 hinnitum

458 1966 471 2117 l
522 2066 689 2141 Apta
717 2067 1034 2141 quadrigis
1064 2085 1238 2159 equa,
1272 2073 1332 2124 te
1363 2067 1458 2124 bis
1488 2067 1643 2124 Afro
2082 2061 2161 2115 35

468 2178 481 2285 l
521 2147 833 2284 Vestlunllt1
841 2165 1021 2283 llghcge
1043 2147 1272 2284 ῃῐιὶῃρξέῗ
1280 2245 1474 2303 parva
1504 2245 1646 2284 rura
1672 2234 1734 2284 et

474 2304 821 2381 {Spiritum
855 2305 1079 2364 Graiae
1109 2313 1354 2365 tenuem
1390 2307 1692 2366 Camenae

480 2385 719 2444 Parca
747 2403 869 2443 non
900 2387 1160 2444 mendax
1189 2387 1375 2457 dedit,
1407 2393 1469 2444 et
1497 2386 1835 2460 malignum

764 2465 1056 2542 Spernere
1100 2466 1335 2543 volgus.
2083 2462 2162 2515 40

1108 2709 1324 2768 XVII.
1913 2642 2231 2832 ff

527 2833 653 2892 Cur
692 2851 786 2891 me
830 2835 1111 2910 querellis
1155 2836 1469 2892 exanimas
1510 2831 1679 2892 tuis?

523 2913 653 2972 Nec
695 2914 789 2971 dis
833 2915 1093 2972 amicum
1137 2923 1233 2973 est
1274 2934 1383 2972 nec
1428 2915 1575 2971 mihi
1617 2922 1678 2971 tc
1718 2914 1891 2990 prius

605 2994 802 3063 Obire,
851 2993 1194 3065 Maecenas,
1241 3013 1513 3052 mearum

689 3073 932 3132 Grande
961 3075 1146 3133 decus
1177 3076 1573 3149 columenque
1603 3091 1821 3130 rerum.

528 3153 632 3211 Ah
662 3159 722 3211 te
754 3173 922 3210 meae
953 3156 1006 3212 si
1036 3163 1274 3229 partem
1306 3155 1545 3210 animae
1576 3154 1740 3228 rapit
1843 3198 1846 3203 .
2124 3154 2156 3206 5

526 3233 830 3291 Maturior
874 3234 985 3304 vis,
1031 3235 1176 3310 quid
1219 3251 1421 3291 moror
1465 3233 1672 3302 altera,

323 3387 377 3431 17
403 3354 562 3431 sontes
627 3387 685 3430 19
709 3388 846 3429 exsul
909 3387 967 3430 26
988 3387 1114 3430 laeto
1176 3385 1235 3429 29
1257 3386 1352 3429 cito
1418 3387 1470 3428 31
1497 3387 1644 3429 forset
1707 3387 1730 3428 1
1756 3386 1962 3445 querelis
2027 3389 2052 3430 5
2076 3392 2127 3431 at
