2367 3784
59 556 92 707 :.··:·:·=·⁴·
51 444 90 545 εἶτ-.-
67 384 88 437 ·.·.=
51 356 88 375 ἶ
49 208 88 345 ...Ha-²¹-
49 1 85 199 ..Ζ-..ὼ

322 106 445 166 118

930 122 1218 168 HORA'I'I
1270 122 1572 169 EPODON

557 277 733 336 Licet
775 278 1075 353 superbus
1120 280 1396 339 ambules
1440 282 1717 357 pecunia,
2127 295 2155 348 5

636 358 912 416 Fortuna
958 377 1078 417 non
1121 367 1322 418 mutat
1363 379 1571 437 genus,

556 438 845 508 Videsne,
894 438 1141 498 Sacram
1186 442 1474 499 metiente
1518 450 1576 499 te
1622 443 1786 502 viam

637 519 793 578 Cum
838 519 933 577 bis
979 521 1162 577 trium
1214 520 1491 579 ulnarum
1535 527 1699 598 toga,

553 599 644 657 Ut
686 617 791 657 ora
837 606 1034 657 vertat
1080 599 1198 658 hue
1240 608 1303 658 et
1349 601 1465 659 huc
1507 605 1784 661 euntium

632 680 970 737 Liberrima
1013 680 1404 756 indignatio?
2100 692 2162 747 10

553 759 828 818 “Sectus
874 760 1129 835 flagellis
1175 761 1273 819 hic
1319 764 1823 837 triumviralibus,

633 839 958 898 Praeconis
1004 841 1082 898 ad
1127 842 1461 916 fastidium,

551 920 709 977 Arat
752 920 995 978 Falerni
1043 923 1206 979 mille
1252 924 1425 982 fundi
1457 926 1675 1002 jugera

632 999 715 1057 Et
756 1001 1021 1077 Appiam
1067 1005 1309 1061 mannis
1352 1006 1513 1077 terit,

554 1078 978 1157 Sedilibusque
1015 1101 1276 1158 magnus
1312 1086 1373 1142 in
1406 1087 1616 1161 primis
1647 1106 1850 1164 eques,
2102 1090 2165 1144 15

629 1160 869 1219 Othone
913 1172 1280 1241 contempte,
1330 1166 1536 1225 sedet!

551 1240 712 1313 Quid
757 1243 978 1300 attinet
1021 1249 1115 1301 tot
1160 1262 1268 1303 ora
1310 1248 1561 1304 navium
1608 1250 1781 1324 gravi

629 1321 925 1380 Rostrata
967 1323 1107 1382 duci
1152 1326 1421 1401 pondere

551 1401 780 1460 Contra
807 1403 1076 1461 latrones
1109 1411 1296 1482 atque
1329 1409 1608 1466 servilem
1645 1428 1914 1483 manum,

633 1481 783 1551 Hoc,
831 1483 945 1542 hoc
987 1484 1238 1544 tribuno
1284 1488 1646 1549 militum?’'
2101 1490 2167 1544 20

1210 1669 1269 1725 V

489 1792 521 1816 ⁴⁴
544 1785 649 1856 At,
684 1803 720 1843 o
748 1786 998 1845 deorum
1030 1790 1312 1868 quicquid
1345 1793 1408 1852 in
1439 1795 1605 1854 caelo
1637 1798 1798 1874 regit

627 1865 847 1924 Terras
890 1874 952 1925 et
996 1869 1332 1930 humanum
1376 1893 1588 1949 genus,

547 1947 709 2021 Quid
740 1947 856 2006 iste
889 1949 1004 2007 fert
1033 1952 1352 2023 tumultuS,
1388 1964 1449 2013 et
1479 1957 1622 2032 quid
1654 1958 1925 2019 omnium

627 2027 852 2085 Voltus
894 2029 957 2085 in
1004 2048 1193 2089 unum
1237 2051 1332 2091 me
1378 2035 1625 2094 truces?

548 2107 666 2164 Per
705 2107 930 2167 liberos
973 2115 1051 2181 te,
1100 2112 1154 2168 si
1200 2122 1418 2172 vocata
1463 2117 1759 2192 partubus
2137 2137 2169 2193 5

627 2187 862 2246 Lucina
904 2190 1065 2248 veris
1113 2192 1325 2266 adfuit,

546 2267 664 2324 Per
694 2267 805 2326 hoc
835 2271 1012 2328 inane
1043 2290 1346 2349 purpurae
1380 2276 1565 2334 decus
1596 2295 1823 2353 precor,

628 2347 741 2404 Per
770 2350 1256 2424 improbaturum
1293 2355 1439 2413 haec
1469 2357 1511 2415 J
1516 2375 1709 2430 ovem,

546 2426 706 2499 Quid
740 2436 806 2485 ut
835 2448 1098 2490 noverca
1129 2452 1225 2491 me
1258 2436 1533 2508 intueriS,
1570 2444 1677 2496 aut
1707 2440 1798 2498 uti

627 2507 827 2565 Petita
871 2511 1025 2570 ferro
1073 2514 1349 2574 belua?''
2107 2536 2177 2593 10

543 2585 631 2643 Ut
662 2587 809 2645 haec
838 2594 1124 2649 trementi
1158 2603 1411 2671 questus
1446 2616 1546 2657 ore
1577 2601 1858 2661 constitit

621 2667 976 2743 Insignibus
1022 2676 1215 2749 raptis
1258 2694 1423 2751 puer,

541 2745 795 2822 Impube
828 2769 1063 2826 corpus
1100 2757 1279 2831 quale
1311 2765 1522 2832 posset
1554 2761 1745 2838 impia

620 2827 859 2886 Mollire
907 2831 1214 2892 Thracum
1258 2844 1519 2911 pectora,

538 2903 807 2979 Canidia,
842 2911 1132 2971 brevibus
1165 2915 1479 2993 implicata
1507 2921 1734 2997 viperis
2105 2936 2177 2993 15

618 2987 835 3048 Crines
865 2999 927 3048 et
960 2993 1337 3071 incomptum
1370 3007 1567 3073 caput,

535 3067 577 3125 J
581 3069 727 3127 ubet
758 3072 1100 3146 sepulchris
1131 3076 1443 3150 caprificos
1472 3087 1698 3153 erutaS,

617 3148 659 3206 J
665 3148 812 3206 ubet
853 3168 1177 3227 cupressus
1224 3156 1524 3230 funebreS,

452 3284 475 3326 1
502 3286 629 3341 regis
696 3287 721 3329 3
746 3291 832 3330 aut
896 3291 926 3331 4
948 3290 1111 3334 vultus
1175 3293 1202 3336 6
1227 3295 1365 3339 affuit
1429 3299 1483 3340 10
1507 3299 1667 3346 bellua
1732 3304 1788 3347 15
1810 3303 2006 3365 illigato

1072 3350 1128 3392 18
1152 3364 1402 3410 cupressos
