2367 3784
995 145 1139 191 mn.
1191 145 1270 192 11.
1322 132 1378 204 2,
1412 130 1452 191 3
2075 132 2159 195 47

539 302 875 361 Redditum
921 301 1069 377 Cyri
1113 302 1266 359 solio
1312 301 1637 379 Phraaten,

534 383 856 442 Dissidens
901 381 1077 458 plebi,
1123 399 1373 440 numero
1416 382 1727 440 beatorum

478 475 484 482 '
537 463 772 521 Eximit
814 463 1048 529 Virtus,
1093 462 1507 538 populumque
1549 463 1720 520 falsis

853 542 1125 600 Dedocet
1168 542 1255 600 uti
2083 542 2156 600 20

536 624 822 693 VocibuS,
868 641 1123 698 regnum
1168 633 1231 680 et
1272 622 1557 680 diadema
1596 630 1799 682 tutum

536 703 828 762 Deferens
872 704 975 760 uni
1022 704 1447 778 propriamque
1492 704 1750 775 laurum,

540 785 831 861 Quisquis
874 784 1158 859 ingentes
1205 783 1375 841 oculo
1420 784 1710 841 inretorto

856 863 1107 941 Spectat
1149 881 1415 921 acervos,

1164 1060 1285 1120 111.
1881 1012 2194 1147 ‘yffi‘

537 1184 815 1261 Aequam
857 1191 1160 1242 memento
1204 1184 1386 1241 rebus
1428 1185 1489 1242 in
1533 1185 1740 1242 arduis

537 1262 786 1323 Servare
830 1274 1113 1333 mentem,
1162 1282 1282 1321 non
1326 1282 1501 1322 secus
1543 1269 1606 1323 in
1650 1264 1829 1324 bonis

694 1346 797 1403 Ab
841 1345 1127 1403 insolenti
1169 1352 1572 1420 temperatam

775 1424 1061 1496 Laetitia,
1106 1426 1397 1484 moriture
1443 1426 1621 1499 Delli,

538 1506 659 1567 Seu
687 1512 960 1566 maestus
989 1507 1154 1564 omni
1185 1513 1455 1583 tempore
1487 1507 1727 1580 vixeris,
2123 1512 2157 1565 ὀ

538 1586 656 1646 Seu
686 1595 746 1646 te
779 1588 840 1645 in
868 1594 1101 1645 remoto
1133 1588 1408 1663 gramine
1437 1606 1543 1664 per
1574 1588 1702 1648 dies

640 1674 649 1679 ’
698 1669 917 1727 Festos
959 1668 1320 1727 reclinatum
1364 1669 1564 1728 bearis

771 1750 1064 1807 Interiore
1108 1744 1255 1807 nota
1300 1747 1561 1809 Falerni.

541 1830 676 1904 Quo
706 1830 884 1906 pinus
915 1831 1131 1906 ingens
1161 1831 1416 1907 albaque
1446 1831 1709 1906 populus

536 1908 835 1969 Umbram
868 1909 1232 1986 hospitalem
1264 1913 1609 1969 consociare
1642 1919 1852 1970 amant
2083 1910 2153 1965 10

694 1990 930 2058 Rmnis,
964 2009 1084 2066 quo
1114 1999 1175 2049 et
1206 1992 1448 2068 obliquo
1478 1992 1716 2049 laborat

774 2069 1061 2148 Lympha
1089 2072 1278 2146 fugax
1311 2073 1610 2147 trepidare
1642 2073 1792 2141 rivo,

538 2149 678 2209 Huc
709 2152 854 2208 vina
884 2160 944 2209 et
974 2159 1290 2227 unguenta
1318 2158 1379 2209 et
1408 2153 1659 2209 nimium
1690 2152 1905 2212 breves

536 2229 745 2289 Flores
775 2250 1064 2289 amoenae
1097 2232 1249 2290 ferre
1283 2234 1429 2306 jube
1462 2250 1651 2301 rosae,

693 2310 857 2369 Dum
888 2330 983 2369 res
1012 2318 1074 2370 et
1104 2320 1275 2371 aetas
1304 2319 1364 2370 et
1394 2330 1663 2371 sororum
2079 2308 2149 2365 15

773 2391 909 2450 Fila
936 2393 1119 2450 trium
1149 2394 1469 2468 patiuntur
1499 2401 1650 2450 atra.

538 2470 732 2531 Oedes
761 2474 1052 2548 coemptis
1082 2474 1339 2531 saltibus
1368 2480 1430 2531 et
1459 2474 1638 2531 domo

536 2551 821 2628 Villaque
855 2552 1047 2610 flavus
1078 2572 1261 2629 quam
1295 2553 1530 2611 Tiberis
1560 2554 1731 2625 lavit,

695 2632 910 2701 CedeS,
957 2640 1019 2691 et
1062 2635 1389 2692 exstructis
1433 2634 1493 2691 in
1537 2634 1731 2692 altum

772 2713 1026 2772 Divitiis
1070 2716 1336 2790 potietur
1379 2715 1568 2772 heres.
2078 2708 2152 2762 20

535 2789 804 2851 Divesne
835 2795 1035 2869 prisco
1071 2803 1253 2853 natus
1283 2796 1358 2852 ab
1390 2795 1621 2853 Inacho

533 2869 638 2928 Nil
670 2873 940 2944 interest,
977 2892 1053 2931 an
1084 2893 1317 2951 pauper
1344 2881 1406 2933 et
1434 2875 1642 2932 infima

691 2952 786 3011 De
830 2962 1009 3029 gente
1053 2956 1166 3012 sub
1210 2957 1354 3013 divo
1399 2956 1666 3025 moretm,

772 3033 1045 3092 Victima
1087 3036 1165 3092 nil
1213 3037 1560 3092 miserantis
1581 3034 1781 3093 Orci:

535 3110 764 3171 Omnes
794 3115 1005 3172 eodem
1040 3116 1331 3187 cogimur,
1366 3117 1635 3173 omnium
2066 3111 2140 3169 25

533 3190 838 3252 Versatur
878 3213 1033 3252 urna
1076 3196 1271 3252 serius
1315 3197 1482 3252 ocius

372 3329 431 3375 17
456 3329 710 3388 Prahaten,
734 3333 1010 3379 Phrahaten
1134 3336 1191 3377 18
1214 3335 1368 3394 plebis
1493 3335 1547 3377 18
1573 3334 1764 3377 beatum
1936 3331 1964 3373 9
1986 3343 2084 3390 qua

375 3389 449 3444 11,
467 3391 521 3434 12
537 3393 716 3437 ramis?
749 3393 875 3447 Quid
897 3395 1293 3453 obliquo—rivo?
1419 3395 1474 3437 13
1496 3393 1656 3436 brevis
1780 3392 1837 3435 14
1858 3401 2082 3432 amoenos

705 3454 761 3498 18
782 3455 919 3498 lavat
1102 3455 1157 3497 19
1179 3454 1412 3497 extructis
1595 3452 1651 3495 23
1674 3451 1754 3494 dio
