2367 3784
940 198 1083 245 Ans
1135 197 1456 244 PourrcA
2002 179 2126 239 241

267 357 395 418 Nec
425 358 577 416 deus
607 356 865 427 intersit,
898 356 1017 413 nisi
1047 356 1271 431 dignus
1302 355 1542 412 vindice
1574 352 1770 410 nodus

269 438 559 496 Inciderit
586 458 600 512 ;
644 455 753 494 nec
784 443 1005 512 quarta
1030 436 1198 511 loqui
1228 453 1483 511 persona
1518 433 1766 491 laboret.

352 593 593 652 Actoris
623 599 828 668 partes
860 592 1082 649 chorus
1114 590 1489 665 officiumque
1522 590 1692 647 virile

272 675 591 744 Defendat,
626 692 742 731 neu
772 672 915 748 quid
948 672 1181 729 medios
1211 672 1530 728 intercinat
1562 676 1734 728 actus

273 756 449 829 Quod
480 773 597 812 non
627 755 942 829 proposito
976 753 1276 810 conducat
1305 757 1366 808 et
1396 751 1646 809 haereat
1675 756 1831 827 apte.
2023 751 2133 807 195

206 873 211 882 -
271 836 381 892 Ille
413 836 589 894 bonis
620 835 944 909 faveatque
977 839 1039 890 et
1071 833 1427 890 consilietur
1456 832 1665 902 amice,

271 916 353 973 Et
379 923 551 991 regat
582 915 790 984 iratos,
823 923 885 972 et
917 920 1080 970 amet
1113 930 1361 987 peccare
1393 913 1715 985 timentes3

270 996 382 1053 Ille
412 997 599 1072 dapes
630 995 839 1053 laudet
869 1012 1115 1052 mensae
1148 994 1369 1063 breviS‚
1403 992 1502 1049 ille
1535 993 1840 1050 salubrem

268 1076 312 1134 J
316 1077 589 1133 ustitiam
619 1076 906 1151 legesque
936 1082 999 1132 et
1029 1074 1258 1150 apertis
1289 1074 1415 1130 otia
1443 1074 1638 1149 portis
1662 1094 1675 1145 ;

268 1156 382 1213 Ille
411 1162 584 1231 tegat
610 1158 950 1224 commissa,
986 1155 1251 1229 deosque
1281 1161 1559 1228 precetur
1587 1160 1648 1209 et
1678 1158 1825 1224 oret,
2020 1153 2136 1209 200

270 1236 361 1294 Ut
387 1238 596 1295 redeat
624 1237 882 1306 miseriS‚
918 1237 1096 1293 abeat
1130 1234 1409 1292 Fortuna
1437 1233 1731 1310 superbis.

351 1387 530 1446 Tibia
558 1404 696 1456 non,
729 1391 797 1443 ut
824 1404 1001 1455 nunc,
1028 1384 1329 1443 orichalco
1362 1384 1564 1442 vincta
1591 1384 1896 1459 tubaeque

269 1466 547 1537 Aemula,
580 1468 687 1526 sed
717 1467 916 1524 tenuis
947 1466 1340 1541 simplexque,
1373 1464 1664 1522 foramine
1693 1482 1905 1541 paucO,

268 1548 557 1624 Aspirare
587 1556 649 1606 et
679 1548 894 1605 adesse
926 1546 1129 1604 choris
1160 1552 1292 1603 erat
1321 1546 1507 1614 utilis,
1542 1553 1722 1622 atque

267 1626 559 1686 Nondum
588 1629 787 1705 spissa
816 1627 996 1684 nimis
1027 1626 1325 1702 complere
1358 1627 1572 1684 sedilia
1601 1626 1785 1700 flatu3
2018 1627 2134 1684 205

270 1709 409 1781 Quo
440 1726 583 1766 sane
613 1708 872 1785 populus
905 1708 1318 1777 numerabilis
1351 1714 1561 1781 utpote
1591 1723 1835 1782 parvuS,

269 1788 353 1846 Et
382 1789 543 1863 frugi
573 1796 898 1863 castusque
932 1787 1430 1862 verecundusque
1462 1787 1675 1844 coibat.

271 1869 606 1944 Postquam
638 1870 835 1944 coepit
865 1885 1048 1942 agros
1079 1868 1402 1924 extendere
1435 1867 1644 1938 victor,
1670 1872 1732 1925 et
1761 1865 1939 1924 urbes

271 1948 486 2006 Latior
516 1947 796 2026 amplecti
824 1965 1050 2016 murus,
1088 1948 1350 2022 vinoque
1381 1948 1598 2004 diurno

272 2028 510 2086 Placari
543 2029 772 2088 Genius
803 2028 978 2085 festis
1007 2029 1254 2102 impune
1285 2027 1517 2097 diebus,
2018 2029 2135 2086 210

272 2107 552 2167 Accessit
582 2110 968 2183 numerisque
1003 2109 1318 2183 modisque
1350 2106 1593 2164 licentia
1622 2108 1824 2181 major.

271 2190 562 2248 Indoctus
590 2190 738 2265 quid
767 2190 926 2246 enim
961 2197 1202 2264 saperet
1231 2188 1500 2262 liberque
1531 2187 1824 2257 laborum,

270 2270 567 2328 Rusticus
597 2271 827 2327 urbano
857 2269 1162 2338 confusus,
1197 2269 1392 2342 turpis
1422 2266 1722 2326 honesto?

271 2349 370 2407 Sic
399 2351 631 2425 priscae
660 2357 1016 2425 motumque
1048 2357 1110 2406 et
1138 2348 1434 2405 luxuriem
1468 2348 1709 2405 addidit
1738 2348 1855 2406 arti

269 2429 535 2502 Tibicen,
567 2432 873 2505 traxitque
908 2447 1106 2504 vagus
1137 2447 1244 2503 per
1272 2428 1506 2504 pulpita
1537 2435 1807 2502 vestem3
2018 2431 2133 2488 215

271 2511 369 2568 Sic
396 2511 580 2569 etiam
611 2510 830 2568 fidibus
862 2528 1042 2566 voces
1074 2527 1314 2566 crevere
1345 2508 1592 2579 severis,

269 2590 354 2648 Et
381 2592 523 2648 tulit
550 2590 857 2667 eloquium
890 2590 1207 2647 insolitum
1241 2589 1526 2646 facundia
1554 2604 1863 2665 praecepa,

269 2671 646 2747 Utiliumque
679 2688 870 2745 sagax
904 2687 1100 2726 rerum
1134 2678 1197 2726 et
1229 2670 1435 2727 divina
1464 2669 1652 2725 futuri

270 2750 593 2827 Sortilegis
622 2769 743 2808 non
773 2750 1106 2825 discrepuit
1138 2750 1444 2806 sententia
1473 2749 1746 2824 Delphis.

350 2914 635 2975 Carmine
666 2915 770 2991 qui
799 2916 1032 2989 tragico
1062 2914 1247 2972 vilem
1277 2914 1536 2971 certavit
1566 2914 1641 2970 ob
1673 2913 1920 2984 hircum,
2019 2916 2134 2972 220

266 2994 417 3052 Mox
446 2996 632 3053 etiam
663 3003 939 3071 agrestes
972 2995 1229 3070 Satyros
1261 2994 1534 3064 nudavit,
1567 2999 1630 3050 et
1661 3011 1839 3068 asper

266 3075 563 3133 Incolumi
596 3076 905 3151 gravitate
939 3078 1146 3149 jocum
1178 3074 1525 3149 temptavit,
1558 3092 1629 3131 eo
1659 3073 1820 3149 quod

264 3155 576 3213 Illecebris
606 3163 739 3214 erat
767 3162 830 3213 et
859 3161 1038 3230 grata
1067 3155 1341 3212 novitate
1374 3154 1702 3211 morandus

266 3235 605 3312 Spectator,
639 3236 1002 3311 functusque
1036 3235 1226 3292 sacris
1256 3244 1317 3291 et
1346 3243 1529 3309 potus
1558 3240 1618 3292 et
1646 3233 1830 3290 exlex.

324 3394 411 3437 196
434 3392 603 3438 amicis
625 3407 649 3436 e
671 3392 791 3436 coni.
854 3391 941 3437 197
963 3402 1137 3451 pacare
1159 3391 1399 3432 tumentes
1463 3388 1550 3431 202
1573 3388 1738 3430 iuncta
1799 3384 1887 3426 203
1909 3395 2059 3440 parvo

796 3452 885 3495 204
906 3451 1155 3509 adspirare
1278 3449 1365 3491 222
1388 3448 1599 3491 tentavit

462 3513 524 3558 16
558 3514 682 3564 Hor.
