<?xml version="1.0" encoding="UTF-8"?>
<!DOCTYPE html PUBLIC "-//W3C//DTD XHTML 1.0 Transitional//EN"
    "http://www.w3.org/TR/xhtml1/DTD/xhtml1-transitional.dtd">
<html xmlns="http://www.w3.org/1999/xhtml" xml:lang="en" lang="en">
 <head>
  <title>
</title>
<meta http-equiv="Content-Type" content="text/html;charset=utf-8" />
  <meta name='ocr-system' content='tesseract 3.04.00' />
  <meta name='ocr-capabilities' content='ocr_page ocr_carea ocr_par ocr_line ocrx_word'/>
</head>
<body>
  <div class='ocr_page' id='page_1' title='image "./workshorace02chasgoog_0058.png"; bbox 0 0 2367 3784; ppageno 0'>
   <div class='ocr_carea' id='block_1_1' title="bbox 229 65 316 128">
    <p class='ocr_par' dir='ltr' id='par_1_1' title="bbox 229 65 316 128">
     <span class='ocr_line' id='line_1_1' title="bbox 229 65 316 128; baseline 0.011 -1"><span class='ocrx_word' id='word_1_1' title='bbox 229 65 316 128; x_wconf 84' lang='lat'>52</span> 
     </span>
    </p>
   </div>
   <div class='ocr_carea' id='block_1_2' title="bbox 786 75 1543 124">
    <p class='ocr_par' dir='ltr' id='par_1_2' title="bbox 786 75 1543 124">
     <span class='ocr_line' id='line_1_2' title="bbox 786 75 1543 124; baseline -0.001 -1"><span class='ocrx_word' id='word_1_2' title='bbox 786 76 1074 124; x_wconf 82' lang='lat' dir='ltr'>HOBA&#39;PI</span> <span class='ocrx_word' id='word_1_3' title='bbox 1126 75 1543 124; x_wconf 75' lang='lat' dir='ltr'>CARMINVM</span> 
     </span>
    </p>
   </div>
   <div class='ocr_carea' id='block_1_3' title="bbox 471 235 2130 1998">
    <p class='ocr_par' dir='ltr' id='par_1_3' title="bbox 471 235 2130 1998">
     <span class='ocr_line' id='line_1_3' title="bbox 552 235 1530 311; baseline -0.003 -18"><span class='ocrx_word' id='word_1_4' title='bbox 552 235 798 294; x_wconf 84' lang='lat' dir='ltr'>Vexant</span> <span class='ocrx_word' id='word_1_5' title='bbox 842 236 1193 311; x_wconf 80' lang='lat' dir='ltr'>inaequales</span> <span class='ocrx_word' id='word_1_6' title='bbox 1235 235 1530 308; x_wconf 82' lang='lat' dir='ltr'>procellae</span> 
     </span>
     <span class='ocr_line' id='line_1_4' title="bbox 635 314 1667 391; baseline -0.001 -18"><span class='ocrx_word' id='word_1_7' title='bbox 635 315 866 391; x_wconf 83' lang='lat' dir='ltr'>Usque,</span> <span class='ocrx_word' id='word_1_8' title='bbox 913 333 1022 372; x_wconf 90' lang='lat' dir='ltr'>nec</span> <span class='ocrx_word' id='word_1_9' title='bbox 1066 314 1377 372; x_wconf 81' lang='lat' dir='ltr'>Armeniis</span> <span class='ocrx_word' id='word_1_10' title='bbox 1420 315 1482 370; x_wconf 93' lang='lat' dir='ltr'>in</span> <span class='ocrx_word' id='word_1_11' title='bbox 1526 315 1667 384; x_wconf 75' lang='lat' dir='ltr'>oriS,</span> 
     </span>
     <span class='ocr_line' id='line_1_5' title="bbox 476 394 2130 477; baseline -0.001 -22"><span class='ocrx_word' id='word_1_12' title='bbox 476 397 692 455; x_wconf 85' lang='lat' dir='ltr'>Amice</span> <span class='ocrx_word' id='word_1_13' title='bbox 736 396 941 470; x_wconf 87' lang='lat' dir='ltr'>Valgi,</span> <span class='ocrx_word' id='word_1_14' title='bbox 987 400 1110 452; x_wconf 83' lang='lat' dir='ltr'>stat</span> <span class='ocrx_word' id='word_1_15' title='bbox 1150 394 1378 470; x_wconf 82' lang='lat' dir='ltr'>glacies</span> <span class='ocrx_word' id='word_1_16' title='bbox 1420 394 1583 452; x_wconf 87' lang='lat' dir='ltr'>iners</span> <span class='ocrx_word' id='word_1_17' title='bbox 2036 400 2073 454; x_wconf 82' lang='lat'>5</span> <span class='ocrx_word' id='word_1_18' title='bbox 2121 469 2130 477; x_wconf 27' lang='grc' dir='ltr'>ι</span> 
     </span>
     <span class='ocr_line' id='line_1_6' title="bbox 479 475 1702 552; baseline -0.001 -18"><span class='ocrx_word' id='word_1_19' title='bbox 479 476 722 535; x_wconf 87' lang='lat' dir='ltr'>Menses</span> <span class='ocrx_word' id='word_1_20' title='bbox 750 494 857 552; x_wconf 89' lang='lat' dir='ltr'>per</span> <span class='ocrx_word' id='word_1_21' title='bbox 888 492 1115 543; x_wconf 79' lang='lat' dir='ltr'>omneS‚</span> <span class='ocrx_word' id='word_1_22' title='bbox 1150 480 1258 531; x_wconf 87' lang='lat' dir='ltr'>aut</span> <span class='ocrx_word' id='word_1_23' title='bbox 1288 475 1702 550; x_wconf 85' lang='lat' dir='ltr'>Aquilonibus</span> 
     </span>
     <span class='ocr_line' id='line_1_7' title="bbox 560 555 1514 633; baseline -0.003 -19"><span class='ocrx_word' id='word_1_24' title='bbox 560 559 858 633; x_wconf 79' lang='lat' dir='ltr'>Querceta</span> <span class='ocrx_word' id='word_1_25' title='bbox 901 555 1174 631; x_wconf 85' lang='lat' dir='ltr'>Gargani</span> <span class='ocrx_word' id='word_1_26' title='bbox 1216 555 1514 624; x_wconf 87' lang='lat' dir='ltr'>laborant,</span> 
     </span>
     <span class='ocr_line' id='line_1_8' title="bbox 638 636 1511 695; baseline -0.005 0"><span class='ocrx_word' id='word_1_27' title='bbox 638 638 722 695; x_wconf 89' lang='lat' dir='ltr'>Et</span> <span class='ocrx_word' id='word_1_28' title='bbox 765 637 926 694; x_wconf 89' lang='lat' dir='ltr'>foliis</span> <span class='ocrx_word' id='word_1_29' title='bbox 972 636 1303 693; x_wconf 76' lang='lat' dir='ltr'>viduantur</span> <span class='ocrx_word' id='word_1_30' title='bbox 1347 636 1511 692; x_wconf 90' lang='lat' dir='ltr'>orni:</span> 
     </span>
     <span class='ocr_line' id='line_1_9' title="bbox 479 715 1608 792; baseline -0.004 -16"><span class='ocrx_word' id='word_1_31' title='bbox 479 719 575 776; x_wconf 87' lang='lat' dir='ltr'>Tu</span> <span class='ocrx_word' id='word_1_32' title='bbox 603 735 838 792; x_wconf 85' lang='lat' dir='ltr'>semper</span> <span class='ocrx_word' id='word_1_33' title='bbox 867 734 1049 791; x_wconf 81' lang='lat' dir='ltr'>urges</span> <span class='ocrx_word' id='word_1_34' title='bbox 1082 715 1383 773; x_wconf 90' lang='lat' dir='ltr'>flebilibus</span> <span class='ocrx_word' id='word_1_35' title='bbox 1412 715 1608 773; x_wconf 87' lang='lat' dir='ltr'>modis</span> 
     </span>
     <span class='ocr_line' id='line_1_10' title="bbox 476 795 2073 875; baseline -0.003 -17"><span class='ocrx_word' id='word_1_36' title='bbox 476 799 730 875; x_wconf 78' lang='lat' dir='ltr'>Mysten</span> <span class='ocrx_word' id='word_1_37' title='bbox 760 798 1152 872; x_wconf 89' lang='lat' dir='ltr'>ademptum;</span> <span class='ocrx_word' id='word_1_38' title='bbox 1200 814 1308 853; x_wconf 91' lang='lat' dir='ltr'>nec</span> <span class='ocrx_word' id='word_1_39' title='bbox 1337 796 1448 853; x_wconf 89' lang='lat' dir='ltr'>tibi</span> <span class='ocrx_word' id='word_1_40' title='bbox 1481 795 1758 872; x_wconf 82' lang='lat' dir='ltr'>Vespero</span> <span class='ocrx_word' id='word_1_41' title='bbox 2002 799 2073 854; x_wconf 88' lang='grc'>10</span> 
     </span>
     <span class='ocr_line' id='line_1_11' title="bbox 561 878 1502 955; baseline -0.004 -18"><span class='ocrx_word' id='word_1_42' title='bbox 561 879 861 955; x_wconf 85' lang='lat' dir='ltr'>Surgente</span> <span class='ocrx_word' id='word_1_43' title='bbox 905 878 1206 935; x_wconf 78' lang='lat' dir='ltr'>decedunt</span> <span class='ocrx_word' id='word_1_44' title='bbox 1250 894 1502 947; x_wconf 53' lang='lat' dir='ltr'>amores</span> 
     </span>
     <span class='ocr_line' id='line_1_12' title="bbox 542 957 1665 1034; baseline 0 -18"><span class='ocrx_word' id='word_1_45' title='bbox 542 1025 551 1033; x_wconf 30' lang='grc' dir='ltr'>ι</span> <span class='ocrx_word' id='word_1_46' title='bbox 636 959 765 1016; x_wconf 89' lang='lat' dir='ltr'>Nec</span> <span class='ocrx_word' id='word_1_47' title='bbox 808 958 1083 1034; x_wconf 88' lang='lat' dir='ltr'>rapidum</span> <span class='ocrx_word' id='word_1_48' title='bbox 1128 957 1401 1032; x_wconf 87' lang='lat' dir='ltr'>fugiente</span> <span class='ocrx_word' id='word_1_49' title='bbox 1447 957 1665 1016; x_wconf 84' lang='lat' dir='ltr'>Solem.</span> 
     </span>
     <span class='ocr_line' id='line_1_13' title="bbox 477 1038 1646 1100; baseline -0.003 -1"><span class='ocrx_word' id='word_1_50' title='bbox 477 1041 568 1100; x_wconf 86' lang='lat' dir='ltr'>At</span> <span class='ocrx_word' id='word_1_51' title='bbox 596 1058 716 1097; x_wconf 93' lang='lat' dir='ltr'>non</span> <span class='ocrx_word' id='word_1_52' title='bbox 746 1044 839 1097; x_wconf 90' lang='lat' dir='ltr'>ter</span> <span class='ocrx_word' id='word_1_53' title='bbox 867 1056 1017 1096; x_wconf 85' lang='lat' dir='ltr'>aevo</span> <span class='ocrx_word' id='word_1_54' title='bbox 1048 1038 1295 1096; x_wconf 89' lang='lat' dir='ltr'>functus</span> <span class='ocrx_word' id='word_1_55' title='bbox 1327 1039 1646 1096; x_wconf 89' lang='lat' dir='ltr'>amabilem</span> 
     </span>
     <span class='ocr_line' id='line_1_14' title="bbox 478 1119 1644 1179; baseline -0.003 0"><span class='ocrx_word' id='word_1_56' title='bbox 478 1119 755 1179; x_wconf 88' lang='lat' dir='ltr'>Ploravit</span> <span class='ocrx_word' id='word_1_57' title='bbox 784 1136 995 1177; x_wconf 89' lang='lat' dir='ltr'>omnes</span> <span class='ocrx_word' id='word_1_58' title='bbox 1027 1119 1429 1176; x_wconf 79' lang='lat' dir='ltr'>Antilochum</span> <span class='ocrx_word' id='word_1_59' title='bbox 1460 1134 1644 1176; x_wconf 83' lang='lat' dir='ltr'>senex</span> 
     </span>
     <span class='ocr_line' id='line_1_15' title="bbox 557 1199 2066 1275; baseline 0 -18"><span class='ocrx_word' id='word_1_60' title='bbox 557 1200 789 1270; x_wconf 79' lang='lat' dir='ltr'>AnnOS,</span> <span class='ocrx_word' id='word_1_61' title='bbox 835 1217 944 1256; x_wconf 92' lang='lat' dir='ltr'>nec</span> <span class='ocrx_word' id='word_1_62' title='bbox 988 1199 1296 1275; x_wconf 89' lang='lat' dir='ltr'>impubem</span> <span class='ocrx_word' id='word_1_63' title='bbox 1336 1205 1623 1274; x_wconf 88' lang='lat' dir='ltr'>parentes</span> <span class='ocrx_word' id='word_1_64' title='bbox 1997 1199 2066 1257; x_wconf 88' lang='lat'>15</span> 
     </span>
     <span class='ocr_line' id='line_1_16' title="bbox 637 1279 1666 1356; baseline 0.001 -19"><span class='ocrx_word' id='word_1_65' title='bbox 637 1279 881 1337; x_wconf 78' lang='lat' dir='ltr'>Troilon</span> <span class='ocrx_word' id='word_1_66' title='bbox 926 1285 1032 1336; x_wconf 87' lang='lat' dir='ltr'>aut</span> <span class='ocrx_word' id='word_1_67' title='bbox 1077 1279 1385 1356; x_wconf 86' lang='lat' dir='ltr'>Phrygiae</span> <span class='ocrx_word' id='word_1_68' title='bbox 1429 1296 1666 1339; x_wconf 86' lang='lat' dir='ltr'>sorores</span> 
     </span>
     <span class='ocr_line' id='line_1_17' title="bbox 475 1359 1624 1435; baseline -0.001 -16"><span class='ocrx_word' id='word_1_69' title='bbox 475 1359 728 1420; x_wconf 88' lang='lat' dir='ltr'>Flevere</span> <span class='ocrx_word' id='word_1_70' title='bbox 758 1377 1011 1435; x_wconf 87' lang='lat' dir='ltr'>semper.</span> <span class='ocrx_word' id='word_1_71' title='bbox 1100 1359 1323 1417; x_wconf 88' lang='lat' dir='ltr'>Desine</span> <span class='ocrx_word' id='word_1_72' title='bbox 1352 1360 1624 1418; x_wconf 90' lang='lat' dir='ltr'>mollium</span> 
     </span>
     <span class='ocr_line' id='line_1_18' title="bbox 475 1440 1718 1516; baseline 0 -17"><span class='ocrx_word' id='word_1_73' title='bbox 475 1440 747 1499; x_wconf 85' lang='lat' dir='ltr'>Tandem</span> <span class='ocrx_word' id='word_1_74' title='bbox 780 1441 1200 1516; x_wconf 86' lang='lat' dir='ltr'>querellarum,</span> <span class='ocrx_word' id='word_1_75' title='bbox 1232 1446 1295 1498; x_wconf 89' lang='lat' dir='ltr'>et</span> <span class='ocrx_word' id='word_1_76' title='bbox 1323 1441 1525 1516; x_wconf 88' lang='lat' dir='ltr'>potius</span> <span class='ocrx_word' id='word_1_77' title='bbox 1555 1455 1718 1499; x_wconf 82' lang='lat' dir='ltr'>nova</span> 
     </span>
     <span class='ocr_line' id='line_1_19' title="bbox 557 1521 1500 1597; baseline -0.001 -18"><span class='ocrx_word' id='word_1_78' title='bbox 557 1521 893 1579; x_wconf 82' lang='lat' dir='ltr'>Cantemus</span> <span class='ocrx_word' id='word_1_79' title='bbox 937 1521 1209 1596; x_wconf 86' lang='lat' dir='ltr'>Augusti</span> <span class='ocrx_word' id='word_1_80' title='bbox 1251 1528 1500 1597; x_wconf 87' lang='lat' dir='ltr'>tropaea</span> 
     </span>
     <span class='ocr_line' id='line_1_20' title="bbox 635 1598 2067 1687; baseline -0.003 -27"><span class='ocrx_word' id='word_1_81' title='bbox 635 1600 934 1671; x_wconf 83' lang='lat' dir='ltr'>Caesaris,</span> <span class='ocrx_word' id='word_1_82' title='bbox 980 1607 1041 1658; x_wconf 89' lang='lat' dir='ltr'>et</span> <span class='ocrx_word' id='word_1_83' title='bbox 1085 1600 1351 1677; x_wconf 86' lang='lat' dir='ltr'>rigidum</span> <span class='ocrx_word' id='word_1_84' title='bbox 1397 1600 1731 1676; x_wconf 88' lang='lat' dir='ltr'>Niphaten,</span> <span class='ocrx_word' id='word_1_85' title='bbox 1753 1598 1822 1679; x_wconf 56' lang='lat' dir='ltr'>We</span> <span class='ocrx_word' id='word_1_86' title='bbox 1835 1598 2067 1687; x_wconf 34' lang='grc' dir='ltr'>ἀξτηῆῖο</span> 
     </span>
     <span class='ocr_line' id='line_1_21' title="bbox 471 1680 1986 1757; baseline -0.001 -17"><span class='ocrx_word' id='word_1_87' title='bbox 471 1680 846 1756; x_wconf 86' lang='lat' dir='ltr'>Medumque</span> <span class='ocrx_word' id='word_1_88' title='bbox 876 1680 1117 1751; x_wconf 89' lang='lat' dir='ltr'>flumen,</span> <span class='ocrx_word' id='word_1_89' title='bbox 1152 1682 1441 1757; x_wconf 87' lang='lat' dir='ltr'>gentibus</span> <span class='ocrx_word' id='word_1_90' title='bbox 1473 1681 1749 1741; x_wconf 84' lang='lat' dir='ltr'>additum</span> <span class='ocrx_word' id='word_1_91' title='bbox 1844 1720 1850 1731; x_wconf 54' lang='grc' dir='ltr'>ι</span> <span class='ocrx_word' id='word_1_92' title='bbox 1977 1698 1986 1705; x_wconf 90' lang='grc'>·</span> 
     </span>
     <span class='ocr_line' id='line_1_22' title="bbox 471 1760 1605 1833; baseline -0.001 -14"><span class='ocrx_word' id='word_1_93' title='bbox 471 1760 690 1830; x_wconf 86' lang='lat' dir='ltr'>Victis,</span> <span class='ocrx_word' id='word_1_94' title='bbox 735 1762 1000 1819; x_wconf 90' lang='lat' dir='ltr'>minores</span> <span class='ocrx_word' id='word_1_95' title='bbox 1046 1761 1289 1818; x_wconf 87' lang='lat' dir='ltr'>volvere</span> <span class='ocrx_word' id='word_1_96' title='bbox 1334 1762 1605 1833; x_wconf 79' lang='lat' dir='ltr'>verticeS,</span> 
     </span>
     <span class='ocr_line' id='line_1_23' title="bbox 553 1841 1649 1916; baseline -0.001 -17"><span class='ocrx_word' id='word_1_97' title='bbox 553 1842 844 1916; x_wconf 82' lang='lat' dir='ltr'>Intraque</span> <span class='ocrx_word' id='word_1_98' title='bbox 887 1842 1335 1916; x_wconf 89' lang='lat' dir='ltr'>praescriptum</span> <span class='ocrx_word' id='word_1_99' title='bbox 1380 1841 1649 1901; x_wconf 81' lang='lat' dir='ltr'>Gelonos</span> 
     </span>
     <span class='ocr_line' id='line_1_24' title="bbox 629 1920 1496 1998; baseline 0.001 -20"><span class='ocrx_word' id='word_1_100' title='bbox 629 1920 893 1996; x_wconf 84' lang='lat' dir='ltr'>Exiguis</span> <span class='ocrx_word' id='word_1_101' title='bbox 935 1922 1209 1996; x_wconf 87' lang='lat' dir='ltr'>equitare</span> <span class='ocrx_word' id='word_1_102' title='bbox 1253 1922 1496 1998; x_wconf 70' lang='lat' dir='ltr'>campis·</span> 
     </span>
    </p>
   </div>
   <div class='ocr_carea' id='block_1_4' title="bbox 463 2076 2066 3201">
    <p class='ocr_par' dir='ltr' id='par_1_4' title="bbox 1124 2076 1948 2237">
     <span class='ocr_line' id='line_1_25' title="bbox 1124 2076 1948 2237; baseline -0.006 -59"><span class='ocrx_word' id='word_1_103' title='bbox 1124 2119 1208 2178; x_wconf 84' lang='lat' dir='ltr'>x.</span> <span class='ocrx_word' id='word_1_104' title='bbox 1809 2076 1948 2237; x_wconf 42' lang='grc' dir='ltr'>ᾗ]</span> 
     </span>
    </p>

    <p class='ocr_par' dir='ltr' id='par_1_5' title="bbox 468 2239 1827 2479">
     <span class='ocr_line' id='line_1_26' title="bbox 468 2239 1648 2319; baseline 0.001 -17"><span class='ocrx_word' id='word_1_105' title='bbox 468 2241 725 2302; x_wconf 85' lang='lat' dir='ltr'>Rectius</span> <span class='ocrx_word' id='word_1_106' title='bbox 756 2242 945 2312; x_wconf 56' lang='lat' dir='ltr'>vives</span> <span class='ocrx_word' id='word_1_107' title='bbox 980 2242 1199 2315; x_wconf 88' lang='lat' dir='ltr'>Licini,</span> <span class='ocrx_word' id='word_1_108' title='bbox 1232 2239 1426 2319; x_wconf 85' lang='lat' dir='ltr'>neque</span> <span class='ocrx_word' id='word_1_109' title='bbox 1455 2243 1648 2303; x_wconf 83' lang='lat' dir='ltr'>altum</span> 
     </span>
     <span class='ocr_line' id='line_1_27' title="bbox 468 2323 1827 2400; baseline -0.001 -18"><span class='ocrx_word' id='word_1_110' title='bbox 468 2323 719 2400; x_wconf 85' lang='lat' dir='ltr'>Semper</span> <span class='ocrx_word' id='word_1_111' title='bbox 748 2323 1039 2399; x_wconf 86' lang='lat' dir='ltr'>urgendo,</span> <span class='ocrx_word' id='word_1_112' title='bbox 1074 2341 1284 2399; x_wconf 89' lang='lat' dir='ltr'>neque,</span> <span class='ocrx_word' id='word_1_113' title='bbox 1318 2326 1464 2382; x_wconf 91' lang='lat' dir='ltr'>dum</span> <span class='ocrx_word' id='word_1_114' title='bbox 1492 2324 1792 2400; x_wconf 74' lang='lat' dir='ltr'>procellas</span> <span class='ocrx_word' id='word_1_115' title='bbox 1820 2374 1827 2380; x_wconf 92' lang='lat'>.</span> 
     </span>
     <span class='ocr_line' id='line_1_28' title="bbox 470 2401 1699 2479; baseline -0.001 -17"><span class='ocrx_word' id='word_1_116' title='bbox 470 2401 707 2463; x_wconf 80' lang='lat' dir='ltr'>Cautus</span> <span class='ocrx_word' id='word_1_117' title='bbox 739 2403 1055 2472; x_wconf 80' lang='lat' dir='ltr'>horrescis„</span> <span class='ocrx_word' id='word_1_118' title='bbox 1089 2404 1342 2461; x_wconf 89' lang='lat' dir='ltr'>nimium</span> <span class='ocrx_word' id='word_1_119' title='bbox 1372 2405 1699 2479; x_wconf 88' lang='lat' dir='ltr'>premendo</span> 
     </span>
    </p>

    <p class='ocr_par' dir='ltr' id='par_1_6' title="bbox 466 2482 2064 2793">
     <span class='ocr_line' id='line_1_29' title="bbox 788 2482 1303 2558; baseline 0 -19"><span class='ocrx_word' id='word_1_120' title='bbox 788 2482 969 2540; x_wconf 89' lang='lat' dir='ltr'>Litus</span> <span class='ocrx_word' id='word_1_121' title='bbox 1011 2482 1303 2558; x_wconf 90' lang='lat' dir='ltr'>iniquum.</span> 
     </span>
     <span class='ocr_line' id='line_1_30' title="bbox 466 2563 2064 2639; baseline -0.001 -17"><span class='ocrx_word' id='word_1_122' title='bbox 466 2563 735 2622; x_wconf 87' lang='lat' dir='ltr'>Auream</span> <span class='ocrx_word' id='word_1_123' title='bbox 777 2563 1052 2639; x_wconf 89' lang='lat' dir='ltr'>quisquis</span> <span class='ocrx_word' id='word_1_124' title='bbox 1094 2563 1578 2621; x_wconf 85' lang='lat' dir='ltr'>mediocritatem</span> <span class='ocrx_word' id='word_1_125' title='bbox 2026 2569 2064 2627; x_wconf 74' lang='grc'><strong>5</strong></span> 
     </span>
     <span class='ocr_line' id='line_1_31' title="bbox 470 2642 1440 2718; baseline -0.001 -17"><span class='ocrx_word' id='word_1_126' title='bbox 470 2642 711 2718; x_wconf 87' lang='lat' dir='ltr'>Diligit,</span> <span class='ocrx_word' id='word_1_127' title='bbox 758 2649 930 2701; x_wconf 89' lang='lat' dir='ltr'>tutus</span> <span class='ocrx_word' id='word_1_128' title='bbox 976 2649 1143 2701; x_wconf 91' lang='lat' dir='ltr'>caret</span> <span class='ocrx_word' id='word_1_129' title='bbox 1185 2643 1440 2702; x_wconf 89' lang='lat' dir='ltr'>obsoleti</span> 
     </span>
     <span class='ocr_line' id='line_1_32' title="bbox 467 2722 1555 2793; baseline -0.002 -11"><span class='ocrx_word' id='word_1_130' title='bbox 467 2722 765 2782; x_wconf 84' lang='lat' dir='ltr'>Sordibus</span> <span class='ocrx_word' id='word_1_131' title='bbox 805 2724 968 2793; x_wconf 88' lang='lat' dir='ltr'>tecti,</span> <span class='ocrx_word' id='word_1_132' title='bbox 1018 2730 1184 2782; x_wconf 91' lang='lat' dir='ltr'>caret</span> <span class='ocrx_word' id='word_1_133' title='bbox 1227 2723 1555 2782; x_wconf 84' lang='lat' dir='ltr'>invidenda</span> 
     </span>
    </p>

    <p class='ocr_par' dir='ltr' id='par_1_7' title="bbox 604 2803 1245 2862">
     <span class='ocr_line' id='line_1_33' title="bbox 604 2803 1245 2862; baseline -0.003 1"><span class='ocrx_word' id='word_1_134' title='bbox 604 2809 614 2820; x_wconf 85' lang='lat'>&#39;</span> <span class='ocrx_word' id='word_1_135' title='bbox 790 2803 1044 2862; x_wconf 88' lang='lat' dir='ltr'>Sobrius</span> <span class='ocrx_word' id='word_1_136' title='bbox 1090 2805 1245 2862; x_wconf 86' lang='lat' dir='ltr'>aula.</span> 
     </span>
    </p>

    <p class='ocr_par' dir='ltr' id='par_1_8' title="bbox 463 2882 2066 3121">
     <span class='ocr_line' id='line_1_34' title="bbox 466 2882 1547 2960; baseline 0 -18"><span class='ocrx_word' id='word_1_137' title='bbox 466 2882 722 2958; x_wconf 83' lang='lat' dir='ltr'>Saepius</span> <span class='ocrx_word' id='word_1_138' title='bbox 767 2885 967 2942; x_wconf 88' lang='lat' dir='ltr'>ventis</span> <span class='ocrx_word' id='word_1_139' title='bbox 1018 2885 1288 2960; x_wconf 84' lang='lat' dir='ltr'>agitatur</span> <span class='ocrx_word' id='word_1_140' title='bbox 1329 2883 1547 2960; x_wconf 88' lang='lat' dir='ltr'>ingens</span> 
     </span>
     <span class='ocr_line' id='line_1_35' title="bbox 463 2963 2066 3039; baseline 0.002 -18"><span class='ocrx_word' id='word_1_141' title='bbox 463 2963 674 3033; x_wconf 83' lang='lat' dir='ltr'>PinuS,</span> <span class='ocrx_word' id='word_1_142' title='bbox 720 2971 783 3022; x_wconf 89' lang='lat' dir='ltr'>et</span> <span class='ocrx_word' id='word_1_143' title='bbox 824 2965 1017 3022; x_wconf 87' lang='lat' dir='ltr'>celsae</span> <span class='ocrx_word' id='word_1_144' title='bbox 1065 2965 1345 3039; x_wconf 84' lang='lat' dir='ltr'>graviore</span> <span class='ocrx_word' id='word_1_145' title='bbox 1388 2983 1535 3024; x_wconf 85' lang='lat' dir='ltr'>casu</span> <span class='ocrx_word' id='word_1_146' title='bbox 1993 2970 2066 3025; x_wconf 88' lang='grc'>10</span> 
     </span>
     <span class='ocr_line' id='line_1_36' title="bbox 463 3043 1694 3121; baseline -0.001 -18"><span class='ocrx_word' id='word_1_147' title='bbox 463 3043 773 3103; x_wconf 89' lang='lat' dir='ltr'>Decidunt</span> <span class='ocrx_word' id='word_1_148' title='bbox 801 3051 1016 3115; x_wconf 87' lang='lat' dir='ltr'>turres,</span> <span class='ocrx_word' id='word_1_149' title='bbox 1052 3045 1391 3121; x_wconf 87' lang='lat' dir='ltr'>feriuntque</span> <span class='ocrx_word' id='word_1_150' title='bbox 1423 3062 1694 3104; x_wconf 90' lang='lat' dir='ltr'>summos</span> 
     </span>
    </p>

    <p class='ocr_par' dir='ltr' id='par_1_9' title="bbox 785 3121 1356 3201">
     <span class='ocr_line' id='line_1_37' title="bbox 785 3121 1356 3201; baseline 0.004 -18"><span class='ocrx_word' id='word_1_151' title='bbox 785 3121 1060 3201; x_wconf 85' lang='lat' dir='ltr'>Fulgura</span> <span class='ocrx_word' id='word_1_152' title='bbox 1102 3131 1356 3185; x_wconf 61' lang='lat' dir='ltr'>montes„</span> 
     </span>
    </p>
   </div>
   <div class='ocr_carea' id='block_1_5' title="bbox 281 3261 2019 3336">
    <p class='ocr_par' dir='ltr' id='par_1_10' title="bbox 281 3261 2019 3336">
     <span class='ocr_line' id='line_1_38' title="bbox 281 3261 2019 3336; baseline -0.002 -23"><span class='ocrx_word' id='word_1_153' title='bbox 281 3268 311 3313; x_wconf 80' lang='lat'><strong>3</strong></span> <span class='ocrx_word' id='word_1_154' title='bbox 332 3270 530 3314; x_wconf 77' lang='lat' dir='ltr'>versant</span> <span class='ocrx_word' id='word_1_155' title='bbox 622 3266 647 3313; x_wconf 79' lang='lat'>⁷</span> <span class='ocrx_word' id='word_1_156' title='bbox 669 3269 936 3327; x_wconf 63' lang='lat' dir='ltr'>querqueto</span> <span class='ocrx_word' id='word_1_157' title='bbox 1028 3261 1085 3311; x_wconf 86' lang='lat'>12</span> <span class='ocrx_word' id='word_1_158' title='bbox 1107 3265 1277 3336; x_wconf 79' lang='lat' dir='ltr'>rapido</span> <span class='ocrx_word' id='word_1_159' title='bbox 1372 3268 1428 3312; x_wconf 88' lang='lat'>12</span> <span class='ocrx_word' id='word_1_160' title='bbox 1451 3268 1549 3312; x_wconf 76' lang='lat' dir='ltr'>sole</span> <span class='ocrx_word' id='word_1_161' title='bbox 1642 3264 1698 3313; x_wconf 87' lang='lat'>18</span> <span class='ocrx_word' id='word_1_162' title='bbox 1719 3268 2019 3329; x_wconf 79' lang='lat' dir='ltr'>querelarum</span> 
     </span>
    </p>
   </div>
   <div class='ocr_carea' id='block_1_6' title="bbox 376 3324 1909 3385">
    <p class='ocr_par' dir='ltr' id='par_1_11' title="bbox 376 3324 1909 3385">
     <span class='ocr_line' id='line_1_39' title="bbox 376 3324 1909 3385; baseline -0.001 -12"><span class='ocrx_word' id='word_1_163' title='bbox 376 3327 434 3373; x_wconf 79' lang='lat'>22</span> <span class='ocrx_word' id='word_1_164' title='bbox 456 3331 659 3381; x_wconf 60' lang='lat' dir='ltr'>vertare,</span> <span class='ocrx_word' id='word_1_165' title='bbox 678 3326 848 3371; x_wconf 74' lang='lat' dir='ltr'>tollere</span> <span class='ocrx_word' id='word_1_166' title='bbox 966 3324 1024 3368; x_wconf 83' lang='lat'>22</span> <span class='ocrx_word' id='word_1_167' title='bbox 1046 3329 1253 3370; x_wconf 76' lang='lat' dir='ltr'>vortices</span> <span class='ocrx_word' id='word_1_168' title='bbox 1372 3327 1400 3370; x_wconf 76' lang='lat'>6</span> <span class='ocrx_word' id='word_1_169' title='bbox 1421 3327 1585 3385; x_wconf 78' lang='lat' dir='ltr'>diligit</span> <span class='ocrx_word' id='word_1_170' title='bbox 1604 3331 1752 3383; x_wconf 71' lang='lat' dir='ltr'>tutus,</span> <span class='ocrx_word' id='word_1_171' title='bbox 1777 3326 1909 3372; x_wconf 65' lang='lat' dir='ltr'>Bene.</span> 
     </span>
    </p>
   </div>
   <div class='ocr_carea' id='block_1_7' title="bbox 732 3384 1562 3431">
    <p class='ocr_par' dir='ltr' id='par_1_12' title="bbox 732 3384 1562 3431">
     <span class='ocr_line' id='line_1_40' title="bbox 732 3384 1562 3431; baseline 0.005 -4"><span class='ocrx_word' id='word_1_172' title='bbox 732 3385 761 3428; x_wconf 80' lang='lat'>9</span> <span class='ocrx_word' id='word_1_173' title='bbox 783 3385 973 3428; x_wconf 70' lang='lat' dir='ltr'>sacvius</span> <span class='ocrx_word' id='word_1_174' title='bbox 1279 3384 1335 3430; x_wconf 79' lang='lat'>12</span> <span class='ocrx_word' id='word_1_175' title='bbox 1356 3386 1562 3431; x_wconf 72' lang='lat' dir='ltr'>fulmina</span> 
     </span>
    </p>
   </div>
  </div>
 </body>
</html>
