<?xml version="1.0" encoding="UTF-8"?>
<!DOCTYPE html PUBLIC "-//W3C//DTD XHTML 1.0 Transitional//EN"
    "http://www.w3.org/TR/xhtml1/DTD/xhtml1-transitional.dtd">
<html xmlns="http://www.w3.org/1999/xhtml" xml:lang="en" lang="en">
 <head>
  <title>
</title>
<meta http-equiv="Content-Type" content="text/html;charset=utf-8" />
  <meta name='ocr-system' content='tesseract 3.04.00' />
  <meta name='ocr-capabilities' content='ocr_page ocr_carea ocr_par ocr_line ocrx_word'/>
</head>
<body>
  <div class='ocr_page' id='page_1' title='image "./workshorace02chasgoog_0164.png"; bbox 0 0 2367 3784; ppageno 0'>
   <div class='ocr_carea' id='block_1_1' title="bbox 284 99 1656 161">
    <p class='ocr_par' dir='ltr' id='par_1_1' title="bbox 284 99 1656 161">
     <span class='ocr_line' id='line_1_1' title="bbox 284 99 1656 161; baseline -0.002 0"><span class='ocrx_word' id='word_1_1' title='bbox 284 99 403 161; x_wconf 80' lang='grc'>158</span> <span class='ocrx_word' id='word_1_2' title='bbox 751 112 1037 160; x_wconf 73' lang='lat' dir='ltr'><strong>HORATI</strong></span> <span class='ocrx_word' id='word_1_3' title='bbox 1087 112 1529 161; x_wconf 79' lang='lat' dir='ltr'><strong>SATIRARVM</strong></span> <span class='ocrx_word' id='word_1_4' title='bbox 1586 104 1656 158; x_wconf 87' lang='lat'>10</span> 
     </span>
    </p>
   </div>
   <div class='ocr_carea' id='block_1_2' title="bbox 275 270 2158 1394">
    <p class='ocr_par' dir='ltr' id='par_1_2' title="bbox 275 270 2158 1314">
     <span class='ocr_line' id='line_1_2' title="bbox 280 270 1876 348; baseline 0 -18"><span class='ocrx_word' id='word_1_5' title='bbox 280 272 543 330; x_wconf 85' lang='lat' dir='ltr'>Vellicet</span> <span class='ocrx_word' id='word_1_6' title='bbox 573 272 885 329; x_wconf 80' lang='lat' dir='ltr'>absentem</span> <span class='ocrx_word' id='word_1_7' title='bbox 918 270 1283 339; x_wconf 75' lang='lat' dir='ltr'>DemetriUS,</span> <span class='ocrx_word' id='word_1_8' title='bbox 1311 275 1416 328; x_wconf 85' lang='lat' dir='ltr'>aut</span> <span class='ocrx_word' id='word_1_9' title='bbox 1444 271 1604 347; x_wconf 88' lang='lat' dir='ltr'>quod</span> <span class='ocrx_word' id='word_1_10' title='bbox 1635 272 1876 348; x_wconf 82' lang='lat' dir='ltr'>ineptus</span> 
     </span>
     <span class='ocr_line' id='line_1_3' title="bbox 280 351 2158 427; baseline 0 -16"><span class='ocrx_word' id='word_1_11' title='bbox 280 353 555 411; x_wconf 84' lang='lat' dir='ltr'>Fannius</span> <span class='ocrx_word' id='word_1_12' title='bbox 587 351 997 425; x_wconf 81' lang='lat' dir='ltr'>Hermogenis</span> <span class='ocrx_word' id='word_1_13' title='bbox 1030 351 1235 408; x_wconf 85' lang='lat' dir='ltr'>laedat</span> <span class='ocrx_word' id='word_1_14' title='bbox 1265 351 1526 409; x_wconf 86' lang='lat' dir='ltr'>conviva</span> <span class='ocrx_word' id='word_1_15' title='bbox 1557 351 1820 427; x_wconf 83' lang='lat' dir='ltr'>Tigelli?</span> <span class='ocrx_word' id='word_1_16' title='bbox 2073 356 2158 414; x_wconf 85' lang='lat'>80</span> 
     </span>
     <span class='ocr_line' id='line_1_4' title="bbox 280 430 1719 508; baseline 0 -18"><span class='ocrx_word' id='word_1_17' title='bbox 280 433 521 490; x_wconf 92' lang='lat' dir='ltr'>Plotius</span> <span class='ocrx_word' id='word_1_18' title='bbox 550 439 611 490; x_wconf 82' lang='lat' dir='ltr'>et</span> <span class='ocrx_word' id='word_1_19' title='bbox 643 432 885 500; x_wconf 86' lang='lat' dir='ltr'>Varius,</span> <span class='ocrx_word' id='word_1_20' title='bbox 920 430 1245 487; x_wconf 83' lang='lat' dir='ltr'>Maecenas</span> <span class='ocrx_word' id='word_1_21' title='bbox 1275 430 1719 508; x_wconf 80' lang='lat' dir='ltr'>Vergiliusque,</span> 
     </span>
     <span class='ocr_line' id='line_1_5' title="bbox 280 508 1934 589; baseline 0.001 -19"><span class='ocrx_word' id='word_1_22' title='bbox 280 508 560 588; x_wconf 80' lang='lat' dir='ltr'>V&#39;algiuS‚</span> <span class='ocrx_word' id='word_1_23' title='bbox 593 519 655 570; x_wconf 91' lang='lat' dir='ltr'>et</span> <span class='ocrx_word' id='word_1_24' title='bbox 681 512 895 588; x_wconf 89' lang='lat' dir='ltr'>probet</span> <span class='ocrx_word' id='word_1_25' title='bbox 927 510 1075 568; x_wconf 85' lang='lat' dir='ltr'>haec</span> <span class='ocrx_word' id='word_1_26' title='bbox 1108 509 1420 583; x_wconf 85' lang='lat' dir='ltr'>Octavius,</span> <span class='ocrx_word' id='word_1_27' title='bbox 1454 513 1721 588; x_wconf 88' lang='lat' dir='ltr'>optimus</span> <span class='ocrx_word' id='word_1_28' title='bbox 1753 519 1934 589; x_wconf 86' lang='lat' dir='ltr'>atque</span> 
     </span>
     <span class='ocr_line' id='line_1_6' title="bbox 279 591 1972 670; baseline 0 -19"><span class='ocrx_word' id='word_1_29' title='bbox 279 594 534 664; x_wconf 80' lang='lat' dir='ltr'>FuscuS,</span> <span class='ocrx_word' id='word_1_30' title='bbox 566 600 628 650; x_wconf 89' lang='lat' dir='ltr'>et</span> <span class='ocrx_word' id='word_1_31' title='bbox 657 593 804 651; x_wconf 84' lang='lat' dir='ltr'>haec</span> <span class='ocrx_word' id='word_1_32' title='bbox 834 591 1068 648; x_wconf 85' lang='lat' dir='ltr'>utinam</span> <span class='ocrx_word' id='word_1_33' title='bbox 1097 591 1423 648; x_wconf 79' lang='lat' dir='ltr'>Viscorum</span> <span class='ocrx_word' id='word_1_34' title='bbox 1456 592 1661 651; x_wconf 88' lang='lat' dir='ltr'>laudet</span> <span class='ocrx_word' id='word_1_35' title='bbox 1688 593 1972 670; x_wconf 81' lang='lat' dir='ltr'>uterque!</span> 
     </span>
     <span class='ocr_line' id='line_1_7' title="bbox 279 672 1550 748; baseline -0.002 -16"><span class='ocrx_word' id='word_1_36' title='bbox 279 675 633 732; x_wconf 85' lang='lat' dir='ltr'>Ambitione</span> <span class='ocrx_word' id='word_1_37' title='bbox 666 675 933 748; x_wconf 84' lang='lat' dir='ltr'>relegata</span> <span class='ocrx_word' id='word_1_38' title='bbox 963 678 1022 729; x_wconf 84' lang='lat' dir='ltr'>te</span> <span class='ocrx_word' id='word_1_39' title='bbox 1054 672 1252 728; x_wconf 86' lang='lat' dir='ltr'>dicere</span> <span class='ocrx_word' id='word_1_40' title='bbox 1282 690 1550 747; x_wconf 88' lang='lat' dir='ltr'>possum,</span> 
     </span>
     <span class='ocr_line' id='line_1_8' title="bbox 277 753 2152 831; baseline 0.001 -18"><span class='ocrx_word' id='word_1_41' title='bbox 277 754 490 825; x_wconf 88' lang='lat' dir='ltr'>Pollio,</span> <span class='ocrx_word' id='word_1_42' title='bbox 521 762 603 825; x_wconf 90' lang='lat' dir='ltr'>te,</span> <span class='ocrx_word' id='word_1_43' title='bbox 640 755 926 825; x_wconf 84' lang='lat' dir='ltr'>Messala,</span> <span class='ocrx_word' id='word_1_44' title='bbox 983 760 1090 811; x_wconf 91' lang='lat' dir='ltr'>tuo</span> <span class='ocrx_word' id='word_1_45' title='bbox 1118 770 1254 809; x_wconf 88' lang='lat' dir='ltr'>cum</span> <span class='ocrx_word' id='word_1_46' title='bbox 1288 753 1488 823; x_wconf 85' lang='lat' dir='ltr'>fratre,</span> <span class='ocrx_word' id='word_1_47' title='bbox 1522 755 1820 831; x_wconf 87' lang='lat' dir='ltr'>simulque</span> <span class='ocrx_word' id='word_1_48' title='bbox 2069 757 2152 814; x_wconf 86' lang='lat'>85</span> 
     </span>
     <span class='ocr_line' id='line_1_9' title="bbox 279 832 1960 906; baseline 0.002 -15"><span class='ocrx_word' id='word_1_49' title='bbox 279 835 425 906; x_wconf 84' lang='lat' dir='ltr'>Vos,</span> <span class='ocrx_word' id='word_1_50' title='bbox 457 836 672 893; x_wconf 87' lang='lat' dir='ltr'>Bibule</span> <span class='ocrx_word' id='word_1_51' title='bbox 702 843 763 894; x_wconf 90' lang='lat' dir='ltr'>et</span> <span class='ocrx_word' id='word_1_52' title='bbox 795 835 986 905; x_wconf 85' lang='lat' dir='ltr'>Servi,</span> <span class='ocrx_word' id='word_1_53' title='bbox 1021 834 1202 891; x_wconf 91' lang='lat' dir='ltr'>simul</span> <span class='ocrx_word' id='word_1_54' title='bbox 1234 832 1329 890; x_wconf 89' lang='lat' dir='ltr'>his</span> <span class='ocrx_word' id='word_1_55' title='bbox 1357 841 1435 905; x_wconf 89' lang='lat' dir='ltr'>te,</span> <span class='ocrx_word' id='word_1_56' title='bbox 1469 836 1720 892; x_wconf 85' lang='lat' dir='ltr'>candide</span> <span class='ocrx_word' id='word_1_57' title='bbox 1754 835 1960 906; x_wconf 87' lang='lat' dir='ltr'>Furni,</span> 
     </span>
     <span class='ocr_line' id='line_1_10' title="bbox 278 915 1752 993; baseline 0 -20"><span class='ocrx_word' id='word_1_58' title='bbox 278 915 634 993; x_wconf 86' lang='lat' dir='ltr'>Complures</span> <span class='ocrx_word' id='word_1_59' title='bbox 665 919 833 983; x_wconf 61' lang='lat' dir='ltr'>alios</span> <span class='ocrx_word' id='word_1_60' title='bbox 866 917 1077 974; x_wconf 88' lang='lat' dir='ltr'>doctos</span> <span class='ocrx_word' id='word_1_61' title='bbox 1107 934 1222 991; x_wconf 87' lang='lat' dir='ltr'>ego</span> <span class='ocrx_word' id='word_1_62' title='bbox 1252 933 1404 990; x_wconf 91' lang='lat' dir='ltr'>quos</span> <span class='ocrx_word' id='word_1_63' title='bbox 1434 921 1495 973; x_wconf 87' lang='lat' dir='ltr'>et</span> <span class='ocrx_word' id='word_1_64' title='bbox 1524 917 1752 973; x_wconf 85' lang='lat' dir='ltr'>amicos</span> 
     </span>
     <span class='ocr_line' id='line_1_11' title="bbox 278 995 2076 1074; baseline 0.001 -22"><span class='ocrx_word' id='word_1_65' title='bbox 278 997 554 1055; x_wconf 85' lang='lat' dir='ltr'>Prudens</span> <span class='ocrx_word' id='word_1_66' title='bbox 581 1005 928 1074; x_wconf 82' lang='lat' dir='ltr'>praetere03</span> <span class='ocrx_word' id='word_1_67' title='bbox 972 997 1193 1073; x_wconf 91' lang='lat' dir='ltr'>quibus</span> <span class='ocrx_word' id='word_1_68' title='bbox 1225 995 1388 1067; x_wconf 83' lang='lat' dir='ltr'>haec,</span> <span class='ocrx_word' id='word_1_69' title='bbox 1423 1005 1568 1053; x_wconf 89' lang='lat' dir='ltr'>sunt</span> <span class='ocrx_word' id='word_1_70' title='bbox 1597 997 2076 1072; x_wconf 85' lang='lat' dir='ltr'>qualiacumque,</span> 
     </span>
     <span class='ocr_line' id='line_1_12' title="bbox 276 1077 1645 1153; baseline -0.001 -18"><span class='ocrx_word' id='word_1_71' title='bbox 276 1078 560 1135; x_wconf 85' lang='lat' dir='ltr'>Arridere</span> <span class='ocrx_word' id='word_1_72' title='bbox 592 1079 791 1148; x_wconf 84' lang='lat' dir='ltr'>velim,</span> <span class='ocrx_word' id='word_1_73' title='bbox 825 1077 1123 1135; x_wconf 89' lang='lat' dir='ltr'>doliturus</span> <span class='ocrx_word' id='word_1_74' title='bbox 1155 1078 1207 1134; x_wconf 90' lang='lat' dir='ltr'>si</span> <span class='ocrx_word' id='word_1_75' title='bbox 1235 1077 1510 1153; x_wconf 83' lang='lat' dir='ltr'>placeant</span> <span class='ocrx_word' id='word_1_76' title='bbox 1540 1095 1645 1152; x_wconf 89' lang='lat' dir='ltr'>spe</span> 
     </span>
     <span class='ocr_line' id='line_1_13' title="bbox 275 1154 2150 1233; baseline 0 -20"><span class='ocrx_word' id='word_1_77' title='bbox 275 1154 562 1215; x_wconf 91' lang='lat' dir='ltr'>Deterius</span> <span class='ocrx_word' id='word_1_78' title='bbox 592 1166 815 1216; x_wconf 85' lang='lat' dir='ltr'>nostra.</span> <span class='ocrx_word' id='word_1_79' title='bbox 900 1158 1189 1227; x_wconf 88' lang='lat' dir='ltr'>Demetri,</span> <span class='ocrx_word' id='word_1_80' title='bbox 1221 1164 1418 1233; x_wconf 89' lang='lat' dir='ltr'>teque,</span> <span class='ocrx_word' id='word_1_81' title='bbox 1453 1157 1689 1232; x_wconf 84' lang='lat' dir='ltr'>Tigelli,</span> <span class='ocrx_word' id='word_1_82' title='bbox 2064 1160 2150 1213; x_wconf 51' lang='lat'>&lt;90</span> 
     </span>
     <span class='ocr_line' id='line_1_14' title="bbox 275 1236 1744 1314; baseline 0 -19"><span class='ocrx_word' id='word_1_83' title='bbox 275 1236 721 1314; x_wconf 86' lang='lat' dir='ltr'>Discipularum</span> <span class='ocrx_word' id='word_1_84' title='bbox 754 1239 911 1295; x_wconf 89' lang='lat' dir='ltr'>inter</span> <span class='ocrx_word' id='word_1_85' title='bbox 929 1238 1111 1312; x_wconf 74' lang='lat' dir='ltr'>Jubeo</span> <span class='ocrx_word' id='word_1_86' title='bbox 1140 1238 1375 1314; x_wconf 89' lang='lat' dir='ltr'>plorare</span> <span class='ocrx_word' id='word_1_87' title='bbox 1409 1237 1744 1296; x_wconf 76' lang='lat' dir='ltr'>cathedras</span> 
     </span>
    </p>

    <p class='ocr_par' dir='ltr' id='par_1_3' title="bbox 356 1317 1934 1394">
     <span class='ocr_line' id='line_1_15' title="bbox 356 1317 1934 1394; baseline 0 -20"><span class='ocrx_word' id='word_1_88' title='bbox 356 1317 404 1388; x_wconf 91' lang='lat' dir='ltr'>I,</span> <span class='ocrx_word' id='word_1_89' title='bbox 438 1336 599 1394; x_wconf 84' lang='lat' dir='ltr'>puer,</span> <span class='ocrx_word' id='word_1_90' title='bbox 633 1325 814 1394; x_wconf 87' lang='lat' dir='ltr'>atque</span> <span class='ocrx_word' id='word_1_91' title='bbox 844 1336 980 1376; x_wconf 90' lang='lat' dir='ltr'>meo</span> <span class='ocrx_word' id='word_1_92' title='bbox 1010 1319 1167 1375; x_wconf 90' lang='lat' dir='ltr'>citus</span> <span class='ocrx_word' id='word_1_93' title='bbox 1198 1317 1345 1375; x_wconf 83' lang='lat' dir='ltr'>haec</span> <span class='ocrx_word' id='word_1_94' title='bbox 1375 1318 1687 1375; x_wconf 89' lang='lat' dir='ltr'>subscribe</span> <span class='ocrx_word' id='word_1_95' title='bbox 1717 1318 1934 1375; x_wconf 89' lang='lat' dir='ltr'>libello.</span> 
     </span>
    </p>
   </div>
   <div class='ocr_carea' id='block_1_3' title="bbox 279 1465 2118 1606">
    <p class='ocr_par' dir='ltr' id='par_1_4' title="bbox 279 1465 2118 1606">
     <span class='ocr_line' id='line_1_16' title="bbox 279 1465 2118 1540; baseline -0.001 -10"><span class='ocrx_word' id='word_1_96' title='bbox 279 1465 286 1469; x_wconf 86' lang='lat'>.</span> <span class='ocrx_word' id='word_1_97' title='bbox 369 1487 425 1530; x_wconf 78' lang='lat'>86</span> <span class='ocrx_word' id='word_1_98' title='bbox 448 1485 620 1530; x_wconf 81' lang='lat' dir='ltr'>Bibule</span> <span class='ocrx_word' id='word_1_99' title='bbox 643 1485 851 1530; x_wconf 61' lang='lat' dir='ltr'>Muretus</span> <span class='ocrx_word' id='word_1_100' title='bbox 873 1501 895 1528; x_wconf 79' lang='lat' dir='ltr'>e</span> <span class='ocrx_word' id='word_1_101' title='bbox 918 1486 1055 1539; x_wconf 68' lang='lat' dir='ltr'>coni„</span> <span class='ocrx_word' id='word_1_102' title='bbox 1074 1485 1138 1529; x_wconf 82' lang='lat' dir='ltr'>N.</span> <span class='ocrx_word' id='word_1_103' title='bbox 1154 1485 1236 1540; x_wconf 70' lang='lat' dir='ltr'>H„</span> <span class='ocrx_word' id='word_1_104' title='bbox 1252 1482 1312 1529; x_wconf 91' lang='lat' dir='ltr'>B.</span> <span class='ocrx_word' id='word_1_105' title='bbox 1329 1501 1345 1529; x_wconf 90' lang='lat'><em>:</em></span> <span class='ocrx_word' id='word_1_106' title='bbox 1371 1485 1551 1529; x_wconf 68' lang='lat' dir='ltr'>codices</span> <span class='ocrx_word' id='word_1_107' title='bbox 1574 1484 1736 1530; x_wconf 86' lang='lat' dir='ltr'>Bibuli</span> <span class='ocrx_word' id='word_1_108' title='bbox 1861 1487 1917 1528; x_wconf 88' lang='grc'>88</span> <span class='ocrx_word' id='word_1_109' title='bbox 1933 1487 2034 1529; x_wconf 72' lang='lat' dir='ltr'>sint</span> <span class='ocrx_word' id='word_1_110' title='bbox 2112 1514 2118 1527; x_wconf 84' lang='lat'>.</span> 
     </span>
     <span class='ocr_line' id='line_1_17' title="bbox 747 1546 1424 1606; baseline 0.004 -19"><span class='ocrx_word' id='word_1_111' title='bbox 747 1568 754 1575; x_wconf 95' lang='lat'><strong>·</strong></span> <span class='ocrx_word' id='word_1_112' title='bbox 985 1546 1040 1589; x_wconf 87' lang='grc'>91</span> <span class='ocrx_word' id='word_1_113' title='bbox 1065 1546 1424 1606; x_wconf 82' lang='lat' dir='ltr'>discipulorum.</span> 
     </span>
    </p>
   </div>
  </div>
 </body>
</html>
