2367 3784
844 163 992 212 mn.
1039 162 1143 212 Π.
1191 146 1363 207 9-11
1918 141 2040 204 105

503 324 747 385 chartis
789 323 1138 380 inornatum
1184 318 1392 389 silebo,

577 405 772 462 Totve
815 408 958 460 tuos
999 401 1212 477 patiar‘
1246 399 1488 456 labores

429 486 696 560 Impune,
742 483 922 552 Lolli,
970 498 1215 557 carpere
1260 479 1485 536 lividas

431 565 793 624 obliviones,
879 562 998 620 Est
1040 561 1283 619 animus
1324 559 1437 616 tibi

503 645 849 719 Rerumque
890 642 1161 718 prudens
1206 647 1269 698 et
1315 640 1600 699 secundis
1781 565 1836 747 Η
1981 647 2055 703 35

582 722 982 800 Temporibus
1025 721 1347 796 dubiisque
1390 728 1609 792 rectae,

430 806 670 864 Vindex
712 820 933 862 avarae
976 802 1231 872 fraudiS,
1274 810 1337 859 et
1380 802 1694 860 abstinens

434 885 718 945 Ducentis
761 884 840 942 ad
881 901 946 941 se
992 889 1211 941 cuncta
1250 883 1562 960 pecuniae,

510 965 856 1042 Consulque
898 982 1021 1023 non
1064 965 1249 1024 unius
1293 963 1454 1034 anni,

588 1045 709 1104 Sed
739 1046 1023 1121 quotiens
1058 1046 1259 1104 bonus
1290 1050 1470 1120 atque
1500 1041 1660 1101 fidus
1982 1045 2057 1101 40

434 1126 476 1186 J
478 1126 635 1184 udex
677 1126 1007 1184 honestum
1055 1125 1350 1202 praetulit
1390 1123 1544 1196 utili,

438 1206 669 1281 Rejecit
709 1206 834 1265 alto
878 1208 1044 1266 dona
1087 1206 1432 1265 nocentium

513 1287 721 1359 Voltu,
764 1305 874 1364 per
919 1288 1235 1346 obstantes
1277 1291 1557 1343 catervas

592 1368 907 1443 Explicuit
954 1385 1067 1425 sua
1109 1367 1305 1425 victor
1346 1382 1532 1422 arma.
1796 1327 1813 1455 ἱ

440 1448 579 1507 Non
619 1449 1034 1525 possidentem
1080 1446 1274 1504 multa
1316 1443 1633 1503 vocaveris
1986 1446 2058 1502 45

443 1529 630 1587 Recte
671 1529 962 1602 beatum;
1006 1527 1229 1585 rectius
1271 1531 1524 1601 occupat
1806 1526 1821 1597 ἱ

435 1655 448 1665 .
518 1608 757 1667 Nomen
798 1609 980 1678 beati,
1026 1608 1130 1684 qui
1173 1607 1424 1665 deorum

598 1689 958 1748 Muneribus
1003 1687 1305 1762 sapienter
1346 1685 1437 1741 uti

444 1770 792 1845 Duramque
836 1769 1016 1826 callet
1057 1766 1411 1844 pauperiem
1452 1762 1600 1840 pati,

446 1850 742 1926 Pejusque
784 1850 908 1907 leto
953 1848 1255 1924 flagitium
1296 1846 1489 1914 timet,
1989 1845 2066 1902 50

522 1931 666 1990 Non
706 1929 807 1988 ille
849 1946 961 2004 pro
1004 1929 1162 1986 caris
1206 1926 1419 1984 amicis

603 2010 740 2070 Aut
778 2009 983 2085 patria
1025 2006 1280 2067 timidus
1320 2004 1533 2082 perire.

1101 2175 1183 2234 x.
1527 2118 1687 2250 ys

301 2292 351 2353 Ο
378 2291 635 2352 crudelis
664 2290 863 2349 adhuc
893 2293 957 2346 et
987 2283 1250 2344 Veneris
1280 2279 1634 2340 muneribus
1659 2281 1897 2353 potens,

301 2374 610 2449 Insperata
636 2377 779 2430 tuae
811 2387 951 2429 cum
982 2366 1190 2424 veniet
1217 2363 1427 2440 pluma
1456 2357 1793 2434 superbiae,

302 2453 381 2512 Et
407 2472 560 2529 quae
587 2470 747 2510 nunc
778 2448 1048 2509 humeris
1082 2445 1412 2503 involitant
1439 2437 1774 2498 deciderint
1801 2448 2027 2503 comae,

302 2535 474 2594 Nunc
506 2543 567 2594 et
596 2534 701 2611 qui
732 2534 895 2592 color
921 2537 1017 2589 est
1048 2527 1339 2604 puniceae
1369 2521 1512 2579 flore
1538 2519 1704 2596 prior
1730 2532 1904 2573 rosae

304 2615 578 2674 Mutatus
608 2616 975 2692 Ligurinum
1011 2611 1077 2667 in
1105 2609 1321 2666 faciem
1353 2601 1604 2661 verterit
1633 2596 1959 2672 hispidam,
2042 2602 2074 2656 5

307 2695 500 2765 Dices,
533 2697 668 2767 heu,
700 2696 983 2773 quotiens
1013 2697 1074 2750 te
1111 2689 1353 2766 speculo
1388 2682 1616 2742 videris
1645 2679 1921 2746 alterum,

310 2776 525 2849 “Quae
555 2795 726 2835 mens
754 2782 851 2834 est
881 2773 1077 2842 hodie,
1111 2788 1216 2828 cur
1246 2769 1461 2828 eadem
1490 2780 1612 2821 non
1640 2774 1827 2836 puero
1857 2751 2016 2812 fuit?

310 2855 423 2914 Vel
450 2873 556 2915 cur
583 2856 683 2915 his
711 2856 933 2915 animis
963 2851 1296 2912 incolumes
1328 2865 1449 2908 non
1480 2844 1739 2902 redeunt
1767 2852 1959 2914 genae
1979 2831 2004 2893 ?
2022 2833 2058 2866 ’'

1095 3019 1213 3078 XI.
1452 2950 1639 3053 ‘Vs

1476 3062 1525 3079 μ’

464 3138 579 3197 Est
618 3135 770 3196 mihi
814 3150 1039 3192 nonum
1086 3128 1429 3205 superantis
1475 3141 1703 3184 annum
1768 3110 1773 3113 ⁸

466 3218 691 3276 Plenus
735 3214 964 3273 Albani
1007 3211 1232 3282 cadus3
1275 3214 1371 3266 est
1415 3207 1478 3264 in
1524 3204 1719 3274 horto,

385 3357 436 3401 31
460 3357 590 3402 sileri
681 3356 739 3399 41
762 3354 873 3399 utili
895 3356 944 3397 et
1036 3351 1095 3394 43
1117 3348 1259 3393 vultu
1350 3347 1408 3388 43
1434 3348 1483 3388 et
1539 3357 1591 3387 er
1686 3340 1741 3383 52
1763 3336 1943 3399 peribit

772 3416 799 3457 5
821 3411 1089 3469 ,Ligurinc,
1235 3407 1263 3450 6
1284 3406 1336 3449 in
1361 3416 1506 3461 specu
1525 3414 1554 3444 o
