2367 3784
994 144 1138 191 Lm.
1186 144 1235 192 1.
1282 129 1338 204 5,
1375 128 1413 190 6
2019 125 2139 187 199

1144 331 1258 389 VI.

260 444 370 503 Nil
401 445 686 504 admirari
715 463 901 521 prope
930 462 1027 502 res
1058 449 1152 501 est
1182 463 1321 516 una,
1355 444 1620 517 Numici,

266 526 546 602 Solaque,
581 545 733 601 quae
764 526 962 601 possit
991 526 1186 583 facere
1217 532 1279 582 et
1309 543 1550 583 servare
1583 527 1841 584 beatum.

266 606 449 663 Hunc
480 606 669 663 solem
700 613 762 663 et
792 605 1005 663 stellas
1036 614 1098 662 et
1127 605 1481 662 decedentia
1512 608 1692 663 certis

265 686 567 761 Tempora
594 686 921 743 momentis
953 692 1096 742 sunt
1126 687 1230 761 qui
1260 686 1576 743 formidine
1607 686 1772 743 nulla

262 766 495 824 Imbuti
526 772 830 842 spectent:
877 765 1022 840 quid
1055 783 1266 822 censes
1297 783 1548 823 munera
1577 764 1817 824 terrac?
2094 772 2132 831 5

265 846 429 919 Quid
457 846 641 903 maris
670 854 974 903 extremos
1009 846 1253 902 Arabas
1285 847 1541 903 ditantis
1571 855 1632 903 et
1663 846 1896 906 Indos?

266 926 534 984 Ludicra
563 927 722 1002 quid,
755 915 1025 1001 plausfi'S,
1061 933 1123 983 et
1154 927 1331 983 amici
1362 927 1522 983 dona
1556 927 1851 999 Quiritis?

271 1007 405 1080 Quo
435 1007 766 1082 spectanda
796 1006 995 1074 mod0‚
1030 1023 1151 1080 quo
1183 1024 1366 1063 sensu
1397 1007 1590 1063 credis
1619 1013 1682 1063 et
1711 1005 1858 1065 ore?

266 1087 388 1160 Qui
417 1087 595 1144 timet
626 1087 721 1144 his
752 1087 1027 1154 adversa,
1064 1086 1184 1143 fere
1217 1087 1474 1143 miratur
1502 1086 1712 1143 eodem

267 1167 403 1240 Quo
432 1169 679 1243 cupiens
707 1176 884 1244 pacto
910 1189 924 1241 ;
969 1184 1162 1241 pavor
1192 1175 1287 1223 est
1319 1167 1635 1242 utrobique
1667 1167 1996 1242 molestus;
2064 1173 2135 1229 10

267 1246 615 1323 Improvisa
645 1249 823 1305 simul
857 1248 1090 1322 species
1121 1253 1386 1305 exterret
1416 1253 1754 1321 utrumque.

269 1326 548 1385 Gaudeat
579 1346 655 1385 an
686 1329 905 1397 doleat,
939 1328 1147 1403 cupiat
1177 1333 1507 1397 metuatne,
1540 1327 1685 1402 quid
1716 1327 1794 1385 ad
1824 1344 1969 1398 rem,

270 1406 354 1476 Si,
386 1409 671 1483 quicquid
703 1409 857 1466 vidit
886 1409 1104 1465 melius
1137 1409 1382 1482 pejusve
1413 1425 1524 1464 sua
1554 1425 1677 1481 spe,

266 1486 494 1545 Defixis
523 1489 712 1546 oculis
743 1490 1064 1563 animoque
1097 1497 1160 1545 et
1191 1506 1438 1563 corpore
1468 1485 1711 1563 torpet?

269 1566 478 1625 Insani
509 1570 753 1644 sapiens
787 1587 1003 1625 nomen
1037 1569 1207 1638 ferat,
1244 1587 1470 1644 aequus
1501 1568 1712 1643 iniqui,
2061 1573 2133 1630 15

269 1646 449 1705 Ultra
479 1667 661 1724 qnam
694 1650 846 1707 satis
878 1655 972 1706 est
1004 1650 1295 1706 virtutem
1327 1650 1377 1705 si
1408 1655 1578 1724 petat
1610 1651 1821 1724 ipsam.

270 1727 302 1785 I
330 1746 504 1799 nunc,
538 1736 854 1804 argentum
888 1737 949 1786 et
982 1746 1249 1785 marmor
1282 1736 1458 1785 vetus
1490 1747 1745 1805 aeraque
1777 1735 1839 1786 et
1869 1735 2031 1786 artes

275 1807 537 1884 Suspice,
570 1828 705 1866 cum
736 1811 993 1884 gemmis
1028 1809 1251 1884 Tyrios
1282 1810 1497 1866 mirare
1529 1810 1795 1883 colores;

273 1887 482 1947 Gaude
513 1890 675 1964 quod
705 1897 984 1964 spectant
1016 1889 1173 1946 oculi
1207 1898 1266 1946 te
1299 1889 1459 1946 mille
1490 1889 1871 1964 loquentem3

274 1967 522 2027 Gnavus
551 1987 728 2026 mane
759 1971 956 2027 forum
986 1977 1050 2026 et
1081 1970 1469 2045 vespertinus
1495 1978 1632 2045 pete
1663 1977 1910 2040 tectum,
2060 1972 2134 2029 20

271 2047 361 2105 Ne
387 2049 526 2124 plus
557 2050 840 2107 frumenti
871 2049 1181 2108 dotalibus
1213 2055 1440 2107 emetat
1470 2049 1634 2123 agris

271 2128 498 2197 Mutae,
530 2135 592 2186 et
623 2129 994 2205 (indignum,
1028 2132 1192 2204 qnod
1227 2130 1308 2186 sit
1337 2131 1641 2205 pejoribus
1672 2134 1870 2204 ortus)

274 2208 390 2266 Hic
418 2210 529 2266 tibi
560 2210 643 2267 sit
670 2213 876 2285 potius
908 2228 1088 2286 quam
1122 2216 1191 2267 tu
1225 2210 1518 2267 mirabilis
1548 2210 1652 2267 illi.

274 2289 569 2364 Quicquid
601 2291 713 2346 sub
744 2296 904 2347 terra
935 2296 1046 2360 est,
1082 2290 1144 2347 in
1176 2290 1450 2366 apricum
1479 2291 1744 2366 proferet
1775 2295 1981 2362 aetas;

274 2368 554 2427 Defodiet
584 2371 918 2446 condetque
952 2371 1230 2429 nitentia.
1324 2370 1480 2429 Cum
1513 2371 1664 2428 bene
1695 2376 1907 2427 notum
2058 2372 2132 2428 25

274 2449 552 2507 Porticus
583 2452 894 2527 Agrippae
927 2459 991 2507 et
1021 2452 1121 2507 via
1151 2457 1213 2508 te
1246 2452 1628 2525 conspexerit
1657 2451 1842 2525 Appi,

271 2529 365 2586 Ire
393 2537 600 2587 tamen
628 2537 822 2589 restat
853 2531 1059 2588 Numa
1091 2549 1210 2606 quo
1244 2531 1489 2588 devenit
1518 2537 1581 2588 et
1612 2532 1837 2588 Ancus,

351 2688 417 2747 Si
445 2689 610 2748 latus
640 2696 744 2748 aut
773 2709 946 2749 renes
978 2692 1191 2750 morbo
1221 2697 1596 2767 temptantur
1625 2697 1821 2760 acut0,

273 2769 506 2842 Quaere
538 2770 750 2845 fugam
782 2773 994 2831 morbi.
1084 2773 1199 2829 Vis
1231 2781 1389 2830 recte
1422 2773 1660 2829 vivere:
1706 2771 1844 2846 quis
1875 2767 2039 2827 non?

274 2847 334 2906 Si
365 2851 562 2907 virtus
594 2850 706 2908 hoc
738 2868 859 2908 una
889 2858 1094 2926 potest
1125 2854 1284 2920 dare,
1318 2851 1494 2909 fortis
1525 2851 1768 2908 omissis
2056 2855 2129 2909 30

277 2928 408 2987 Hoc
438 2949 551 3005 age
583 2931 829 2989 deliciis,
920 2932 1232 2990 Virtutem
1265 2932 1449 2989 verba
1475 2939 1658 3007 putas
1687 2938 1756 2988 ut

275 3008 505 3068 Lucum
534 3011 739 3085 ligna:
785 3030 934 3070 cave
968 3031 1038 3069 ne
1072 3019 1287 3087 portus
1319 3018 1573 3087 occupet
1603 3012 1767 3083 alter,

275 3088 367 3146 Ne
398 3090 768 3166 Cibyratica,
803 3110 877 3149 ne
910 3092 1186 3168 Bithyna
1217 3092 1461 3166 negotia
1491 3092 1748 3166 perdas;

276 3167 439 3228 Mille
474 3173 706 3229 talenta
738 3173 1158 3243 rotunde-ntur,
1192 3173 1450 3229 totidem
1481 3172 1692 3243 altera,
1725 3188 1899 3248 porro
1928 3176 1991 3227 et

363 3310 388 3353 5
413 3313 634 3369 spectant
696 3311 723 3353 8
745 3310 903 3354 cordis
966 3311 1022 3354 16
1044 3314 1191 3370 petet,
1214 3311 1340 3369 petit
1401 3310 1458 3354 22
1477 3309 1666 3354 Mucius
1728 3310 1785 3351 28
1809 3310 2055 3350 tentantur

9 3329 15 3418 i
782 3371 835 3413 31
861 3373 1001 3430 putes
1124 3371 1179 3413 31
1204 3373 1253 3413 et
1373 3371 1432 3413 34
1454 3374 1502 3413 et
1524 3372 1647 3413 omit.
