2367 3784
804 670 874 744 Q.
922 667 1264 730 HonATI
1321 669 1641 733 FLAccr

594 851 1857 948 CARMINVM

924 1062 1161 1111 LIBER
1193 1063 1518 1112 TERTIVS

1485 1362 1496 1369 .
1529 1302 1734 1379 amin

1195 1363 1241 1422 Ῑ.
1507 1380 1622 1437 f*

524 1485 644 1548 Odi
680 1487 999 1565 profanum
1052 1486 1274 1562 volgus
1316 1494 1379 1546 et
1422 1505 1630 1549 arceo:

523 1566 753 1627 Favete
795 1567 1063 1642 linguis3
1109 1568 1381 1626 carmina
1423 1586 1545 1626 non
1587 1569 1758 1646 prius

601 1648 836 1707 Audita
878 1646 1203 1704 Musarum
1251 1649 1536 1707 sacerdos

681 1727 1047 1803 Virginibus
1093 1727 1417 1804 puerisque
1463 1735 1659 1788 canto,

522 1808 765 1884 Regum
795 1808 1208 1866 timendorum
1245 1808 1305 1865 in
1335 1810 1610 1886 proprios
1638 1826 1876 1887 greges²

520 1888 727 1964 Reges
756 1889 819 1946 in
848 1889 1013 1963 ipsos
1048 1888 1373 1963 imperium
1402 1896 1498 1950 cst
1524 1889 1566 1948 J
1572 1890 1721 1960 ovis,

601 1969 764 2028 Clari
809 1969 1116 2044 Giganteo
1162 1968 1489 2044 triumphe,

679 2049 915 2108 Cuncta
957 2048 1282 2124 supercilio
1325 2049 1642 2108 moventis.

521 2131 636 2189 Est
675 2136 745 2188 ut
785 2129 914 2186 viro
960 2130 1052 2185 vir
1094 2128 1283 2186 latius
1327 2130 1562 2189 ordinet

522 2210 795 2270 Arbusta
837 2208 1041 2279 sulciS‚
1094 2209 1195 2267 hic
1238 2211 1589 2284 generosior

597 2290 948 2349 Descendat
993 2289 1055 2346 in
1102 2307 1383 2366 campum
1425 2291 1668 2366 petitor,

676 2370 956 2428 Moribus
1004 2370 1102 2427 hic
1147 2371 1475 2447 meliorque
1519 2371 1686 2430 fama

523 2451 881 2521 Contendat,
928 2451 1016 2508 illi
1063 2450 1244 2508 turba
1285 2451 1593 2509 clientium

525 2531 615 2591 Sit
653 2533 879 2607 major:
925 2550 1119 2608 aequa
1161 2528 1296 2606 lege
1339 2530 1693 2591 Necessitas

596 2611 863 2671 Sortitur
905 2614 1181 2688 insignes
1226 2617 1289 2668 et
1329 2611 1521 2685 imos;

674 2691 870 2751 Omne
901 2711 1093 2768 capax
1125 2698 1335 2750 movet
1362 2710 1517 2750 urna
1545 2710 1781 2754 nomen.

520 2770 860 2831 Destrictus
902 2773 1067 2832 ensis
1113 2774 1212 2831 cui
1255 2791 1436 2849 super
1478 2773 1667 2849 impia

520 2852 767 2912 Cervice
807 2855 1050 2931 pendet,
1099 2871 1221 2911 non
1267 2853 1503 2913 Siculae
1547 2853 1734 2931 dapes

597 2933 850 2992 Dulcem
895 2934 1296 2992 elaborabunt
1339 2951 1633 3009 saporem,

675 3013 817 3073 Non
860 3015 1065 3072 avium
1109 3013 1497 3089 citharaeque
1540 3019 1758 3072 cantus

520 3093 809 3153 Somnum
841 3096 1160 3153 reducent:
1206 3111 1458 3151 somnus
1488 3095 1825 3169 agrestium

518 3172 704 3232 Lenis
746 3175 1012 3234 virorum
1054 3192 1175 3232 non
1220 3174 1478 3233 humiles
1520 3176 1734 3233 domos

596 3253 869 3313 Fastidit
910 3255 1379 3329 umbrosamque
1419 3255 1633 3331 ripam,

673 3333 815 3393 Non
859 3328 1156 3411 Zephyris
1199 3334 1438 3409 agitata
1480 3334 1722 3409 Tempe.
1808 3410 1870 3454 63

2090 1821 2126 1876 5

2059 2223 2131 2279 10

2064 2624 2135 2681 15

2064 3025 2140 3081 20
