2367 3784
892 188 1039 235 mn.
1097 188 1203 237 ιν.
1250 174 1308 250 3,
1342 175 1385 236 4
1980 173 2065 237 97

441 349 623 408 Illum
665 365 788 406 non
828 346 1000 404 labor
1043 347 1341 405 Isthmius

524 428 793 487 Clarabit
820 426 1109 502 pugilem,
1142 444 1265 484 non
1294 444 1487 502 equus
1515 428 1775 505 impiger

441 509 639 569 Curru
680 507 862 565 ducet
903 506 1178 565 Achaico
2025 515 2060 568 5

520 588 850 656 Victorem,
884 603 1076 662 neque
1107 604 1206 644 res
1233 585 1453 645 bellica
1483 586 1678 646 Deliis

442 667 740 727 Ornatum
782 666 945 724 foliis
989 667 1222 737 ducem,

522 748 700 823 Quod
727 764 939 822 regum
970 747 1242 805 tumidas
1271 747 1617 806 contuderit
1644 748 1861 819 minas,

439 827 740 887 Ostendet
785 826 1122 903 Capitolio:

523 908 643 968 Sed
672 925 825 984 quae
857 907 1050 964 Tibur
1079 923 1273 983 aquae
1303 907 1499 964 fertile
1527 907 1885 984 praefluunt,
1990 909 2062 966 10

444 988 530 1046 Et
572 988 802 1064 spissae
845 1004 1164 1046 nemorum
1207 1004 1416 1046 comae

525 1068 791 1143 Fingent
822 1067 1042 1125 Aeolio
1071 1067 1336 1125 carmine
1367 1066 1646 1125 nobilem.

442 1147 679 1207 Romae
720 1147 1016 1224 principis
1058 1147 1295 1204 urbium

526 1229 831 1303 Dignatur
860 1227 1103 1285 suboles
1134 1227 1292 1284 inter
1323 1227 1617 1284 amabiles

442 1308 674 1367 Vatum
715 1325 938 1385 ponere
983 1325 1078 1365 me
1122 1307 1356 1376 choroS,
1988 1307 2058 1363 15

524 1389 606 1446 Et
637 1391 766 1464 jam
796 1389 976 1447 dente
1008 1388 1213 1445 minus
1239 1386 1518 1444 mordeor
1546 1386 1767 1446 invido,

441 1467 498 1527 Ο
540 1468 865 1527 testudinis
909 1485 1126 1527 aureae

525 1549 776 1606 Dulcem
807 1566 963 1624 quae
994 1547 1334 1624 strepitum,
1370 1546 1550 1620 Pieri,
1581 1553 1906 1624 temperaS,

445 1627 502 1687 Ο
541 1629 730 1686 mutis
772 1645 1012 1705 quoque
1042 1627 1329 1722 piscibus

525 1709 843 1766 Donatura
871 1709 1077 1785 cygni,
1110 1708 1164 1766 si
1194 1708 1400 1779 libeat,
1432 1723 1667 1777 sonum,
1983 1705 2058 1761 20

444 1787 665 1847 Totum
710 1788 980 1846 muneris
1024 1787 1139 1847 hoc
1180 1789 1273 1846 tui
1315 1792 1426 1857 est,

521 1869 698 1943 Quod
729 1873 1035 1927 monstror
1063 1868 1260 1943 digito
1290 1867 1806 1944 praetereuntium

442 1947 760 2007 Romanae
805 1948 1020 2007 fidicen
1062 1947 1271 2025 lyrae;

520 2029 701 2102 Quod
731 2029 895 2106 spiro
924 2035 988 2086 et
1018 2029 1248 2105 place0,
1280 2027 1332 2085 si
1360 2028 1585 2104 placen,
1616 2033 1790 2086 tuum
1819 2035 1930 2087 est.

1080 2252 1193 2310 1v.
1680 2226 1847 2361 351?

436 2376 695 2450 Qualem
726 2376 1077 2435 ministrum
1110 2377 1383 2436 fulminis
1412 2377 1639 2448 alitem,

436 2455 556 2515 Oui
584 2473 692 2515 rex
720 2456 972 2515 deorum
1003 2474 1261 2532 regnum
1290 2457 1355 2516 in
1385 2475 1531 2515 aves
1561 2475 1756 2534 vagas

516 2535 809 2594 Permisit
848 2542 1134 2613 expertus
1178 2536 1415 2595 fidelem

597 2617 641 2675 J
645 2617 889 2693 uppiter
933 2618 994 2674 in
1041 2615 1396 2692 Ganymede
1439 2616 1613 2688 ssave,

435 2695 603 2756 Olim
636 2696 929 2771 juventas
974 2703 1036 2755 et
1079 2697 1317 2774 patrius
1358 2697 1535 2773 vigor
2011 2705 2046 2762 5

433 2775 600 2836 Nido
639 2776 916 2836 laborum
961 2777 1231 2855 propulit
1271 2777 1547 2848 inscium,

514 2855 821 2934 Vernique
853 2859 984 2933 jam
1030 2858 1255 2916 nimbis
1296 2857 1547 2916 remotis

597 2936 890 2995 Insolitos
933 2938 1189 2996 docuere
1233 2938 1407 2995 nisus

434 3015 625 3075 Venti
666 3024 1010 3093 paventem,
1057 3036 1199 3076 mox
1240 3018 1303 3075 in
1346 3017 1536 3076 ovilia

439 3095 710 3155 Demisit
750 3097 989 3156 hostem
1034 3098 1280 3156 vividus
1322 3098 1604 3174 impetus,
1977 3105 2048 3162 10

515 3175 698 3236 Nunc
736 3177 803 3236 in
843 3178 1211 3236 reluctantes
1252 3178 1547 3237 dracones

596 3257 746 3333 Egit
789 3274 957 3316 amor
998 3257 1173 3335 dapis
1217 3264 1398 3333 atque
1439 3274 1718 3334 pugnae;

264 3411 294 3454 δ
314 3410 492 3457 Achaia
609 3413 665 3458 10
685 3413 934 3472 perfluunt
1045 3410 1104 3457 14
1125 3411 1312 3456 sobole·
1425 3408 1454 3455 6
1474 3412 1678 3471 protulit
1792 3407 1818 3451 7
1841 3407 2004 3450 verni·

494 3489 618 3538 Hor.
650 3490 679 3538 7
