2367 3784
978 173 1037 246 9,
1073 170 1155 232 10
1311 118 1319 124 ·
1890 164 2010 225 123

396 349 482 407 At
508 346 619 405 hoc
647 344 974 402 frementes
1006 348 1317 400 verterunt
1346 342 1442 399 bis
1471 340 1635 398 mille
1665 355 1854 415 equos

472 426 648 495 Galli,
695 430 983 482 canentes
1029 422 1371 490 Caesarem,

396 507 848 580 Hostiliumque
881 503 1132 560 navium
1162 510 1343 578 portu
1372 502 1568 558 latent.

473 588 716 662 Puppes
759 585 1178 642 sinistrorsum
1225 582 1396 640 citae.
1933 575 2007 632 20

393 669 461 727 Io
491 666 836 742 Triumphe,
868 671 938 721 tu
968 663 1221 720 moraris
1253 679 1469 719 aureos

471 747 696 806 Currus
736 752 799 802 et
841 745 1106 801 intactas
1149 739 1386 800 boves?

393 829 462 887 Io
491 826 839 902 Triumphe,
872 841 981 881 nec
1012 823 1052 880 J
1060 822 1394 897 ugurthino
1422 837 1627 899 parem

469 908 640 966 Bello
683 904 1004 980 reportasti
1050 903 1284 972 ducem,

391 988 599 1065 Neque
632 987 1008 1053 Africanum,
1043 984 1139 1041 cui
1170 1001 1350 1059 super
1382 980 1819 1058 Carthaginem
1934 975 2007 1029 25

467 1069 685 1125 Virtus
730 1065 1121 1142 sepulchrum
1166 1064 1453 1122 condidit.

392 1148 577 1207 Terra
606 1149 879 1222 marique
913 1146 1113 1202 victus
1145 1145 1342 1203 hostis
1370 1142 1591 1220 punico

470 1228 756 1301 Lugubre
801 1226 1071 1284 mutavit
1113 1244 1347 1301 sagum.

392 1310 523 1369 Aut
552 1308 650 1365 ille
682 1314 924 1365 centum
957 1306 1223 1363 nobilem
1255 1305 1503 1365 Cretam
1533 1301 1802 1370 urbibuS,

471 1389 694 1447 Ventis
741 1388 939 1446 iturus
982 1405 1104 1445 non
1148 1386 1293 1455 suia
1933 1373 2009 1427 30

393 1470 776 1528 Exercitatas
821 1474 928 1525 aut
972 1467 1128 1542 petit
1173 1465 1391 1542 Syrtes
1432 1463 1616 1534 Noto,

473 1550 605 1608 Aut
649 1551 838 1607 fertur
882 1549 1110 1606 incerto
1153 1547 1323 1604 mari.

398 1631 761 1708 capaciores
794 1629 940 1686 affer
971 1628 1102 1697 huc,
1132 1644 1299 1702 puer,
1333 1624 1595 1700 scyphos

473 1712 554 1768 Et
601 1710 761 1770 Chia
803 1710 948 1766 vina
990 1712 1099 1765 aut
1141 1705 1378 1773 Lesbia,

398 1791 529 1860 Vel,
563 1791 724 1868 quod
757 1790 1040 1847 fluentem
1073 1802 1364 1844 nauseam
1395 1788 1682 1853 coerceat,
1929 1774 2004 1830 35

476 1873 694 1930 Metire
743 1870 919 1928 nobis
966 1866 1348 1927 Caecubum:

402 1954 622 2014 Curam
654 1957 1001 2027 metumque
1035 1947 1318 2007 Caesaris
1346 1961 1546 2003 rerum
1578 1943 1759 2016 juvat

475 2033 654 2092 Dulci
700 2032 910 2109 Lyaeo
954 2029 1204 2087 solvere.

1048 2269 1128 2328 X.

396 2390 562 2459 Mala.
606 2398 813 2456 soluta
855 2395 1032 2454 navis
1076 2391 1205 2450 exit
1249 2389 1392 2446 alite

476 2481 705 2539 Ferens
750 2477 1010 2536 olentem
1057 2470 1404 2530 Maevium:

398 2561 486 2619 Ut
528 2558 792 2617 horridis
837 2568 1160 2630 utrumque
1205 2549 1487 2608 verberes
1528 2546 1712 2615 latus,

476 2642 724 2706 Auster,
769 2643 1075 2695 memento
1120 2627 1435 2690 fluctibus!

398 2721 587 2795 Niger
616 2719 907 2777 rudentes
939 2715 1142 2773 Eurus
1172 2713 1415 2769 inverso
1446 2706 1593 2765 mari
1967 2697 2003 2755 5

477 2802 852 2874 Fractosque
898 2811 1095 2854 remos
1138 2793 1413 2863 differat3

399 2881 691 2954 Insurgat
723 2877 969 2953 Aquilo,
1004 2881 1271 2951 quantus
1302 2869 1446 2928 altis
1475 2865 1786 2925 montibus

476 2960 738 3034 Frangit
780 2962 1108 3016 trementes
1155 2953 1362 3024 ilices3

400 3039 523 3098 Nec
553 3041 726 3098 sidus
758 3043 891 3095 atra
919 3040 1094 3094 nocte
1128 3033 1391 3090 amicum
1423 3030 1731 3104 appa-reat,

480 3121 617 3194 Qua
660 3118 855 3178 tristis
900 3115 1089 3173 Orion
1135 3112 1335 3184 cadit3
1933 3097 2005 3154 10

191 3286 243 3334 17
261 3287 330 3332 ad
354 3287 486 3343 hunc,
508 3293 557 3334 at
587 3288 734 3342 hune,
767 3286 939 3340 adhue,
963 3287 1014 3328 at
1045 3282 1153 3336 huo,
1175 3281 1238 3325 ad
1258 3279 1349 3324 hoo
1373 3277 1447 3333 Β.,
1472 3277 1533 3321 ab
1553 3276 1643 3319 hoo
1668 3272 1731 3318 N.
1752 3271 1833 3324 H„
1859 3270 1932 3323 P„
1972 3274 2021 3312 at

245 3346 336 3407 boe
347 3347 416 3404 F„
438 3348 504 3404 0.‚
519 3349 598 3406 Β.,
617 3348 681 3392 Ν.
948 3344 1006 3388 20
1031 3344 1152 3386 sitae
1296 3340 1354 3384 34
1376 3341 1461 3382 aut.
1602 3335 1660 3378 35
1682 3332 1903 3376 nausiam

611 3410 639 3454 2
664 3407 878 3457 Mevium
1000 3405 1031 3451 4
1051 3400 1247 3450 flatibus
1369 3398 1395 3443 7
1419 3395 1577 3457 qualis
