2367 3784
942 139 1083 187 ms.
1130 141 1179 187 1.
1226 126 1286 204 3,
1319 125 1362 186 4
1984 127 2104 189 139

262 302 368 376 Qui
397 307 630 358 teneros
660 299 863 356 caules
895 299 1073 357 alieni
1109 300 1357 374 fregerit
1385 299 1564 373 horti,

260 383 332 440 Et
358 382 456 456 qui
486 385 817 437 nocturnus
846 397 1017 437 sacra
1048 380 1251 436 divom
1282 381 1513 456 legerit.
1602 381 1792 440 Adsit

260 461 499 536 Regula,
532 459 800 534 peccatis
831 478 985 535 quae
1016 478 1243 534 poenas
1272 462 1500 535 irroget
1530 480 1771 537 aequas,

258 542 341 600 Ne
371 542 593 598 scutica
622 540 877 614 dignum
910 540 1184 598 horribili
1219 547 1444 598 sectere
1476 540 1728 617 flagello.

258 622 419 690 Nam,
451 627 518 678 ut
546 620 739 678 ferula
766 621 984 678 caedas
1017 621 1302 678 meritum
1333 624 1560 695 majora
1588 623 1791 679 subire
1990 626 2115 690 120„

256 702 523 770 Verbera,
555 719 676 758 non
710 718 936 771 vereor,
968 698 1105 759 cum
1136 701 1305 758 dicas
1333 719 1466 758 esse
1496 720 1672 776 pares
1700 720 1797 759 res

256 783 432 840 Furta
459 782 812 851 latrociniiS,
845 787 906 838 et
936 781 1177 856 magnis
1207 799 1401 856 parva
1431 782 1679 839 mineris

255 863 417 920 Falce
448 862 783 919 recisurum
816 862 995 919 simili
1025 868 1102 930 te,
1136 862 1189 919 si
1218 861 1330 918 tibi
1361 879 1617 936 regnum

254 943 608 1000 Permittant
638 942 930 1000 homines,
1022 942 1086 1000 Si
1118 943 1290 1000 dives
1320 943 1422 1017 qui
1452 943 1699 1017 sapiens
1730 948 1840 1013 est,

253 1020 328 1079 Et
352 1029 517 1080 sutor
547 1023 742 1080 bonus
770 1027 833 1079 et
862 1023 1027 1080 solus
1060 1023 1362 1080 formosus
1390 1029 1453 1079 et
1479 1030 1575 1080 est
1602 1040 1725 1092 rex,
1989 1026 2100 1082 125

255 1102 363 1160 Cur
384 1109 559 1176 optas
588 1103 750 1178 quod
781 1102 969 1161 habes
994 1101 1019 1161 ἲ
1054 1111 1085 1133 “
1108 1102 1165 1159 N
1171 1121 1250 1160 on
1280 1104 1442 1160 nosti
1467 1103 1613 1178 quid
1636 1106 1865 1178 pater,’'
1885 1105 2099 1179 inquit,

254 1189 283 1213 “
302 1182 675 1260 Chrysippus
705 1183 903 1240 dicat:
937 1189 949 1214 ‘
976 1183 1236 1259 Sapiens
1266 1184 1542 1257 crepidas
1571 1184 1688 1240 sibi
1716 1201 1861 1240 num
1909 1203 2048 1242 uam

252 1261 364 1320 Nec
392 1263 589 1320 soleas
620 1263 776 1331 fecit,
812 1270 984 1320 sutor
1013 1270 1221 1321 tamen
1250 1269 1344 1320 est
1374 1264 1657 1339 sapiens!
1680 1265 1713 1295 ''
1798 1265 1853 1337 Q
1903 1263 1963 1321 1?

254 1347 282 1372 “
303 1343 398 1413 Ut,
430 1343 712 1418 quamvis
741 1349 905 1401 tacet
938 1343 1381 1418 HermogeneS,
1414 1350 1625 1401 cantor
1652 1350 1861 1401 tamen
1891 1350 2073 1419 atque

255 1421 523 1498 Optimus
552 1430 648 1481 est
676 1423 1059 1497 modulator3
1105 1431 1173 1480 ut
1205 1424 1466 1481 Alfenus
1498 1425 1677 1493 vafer,
1709 1424 1873 1481 omni
1991 1429 2100 1485 130

254 1503 489 1578 Abjecto
519 1505 926 1561 instrumento
958 1504 1106 1561 artis
1135 1504 1459 1579 clausaque
1488 1504 1755 1575 taberna,

255 1582 422 1641 Sutor
446 1590 611 1657 erat3
642 1584 890 1659 sapiens
920 1585 1119 1658 operis
1150 1584 1236 1641 sic
1267 1585 1534 1659 optimus
1563 1586 1761 1642 omnis

252 1662 355 1720 Est
382 1665 578 1739 opifex
608 1664 791 1734 solus,
826 1665 914 1722 sic
944 1667 1107 1721 1·ex.’'
1190 1664 1443 1721 Vellunt
1472 1665 1580 1721 tibi
1612 1665 1862 1722 barbam

251 1742 477 1801 Lascivi
504 1744 711 1819 pueri3
753 1763 907 1820 quos
938 1753 1005 1802 tu
1036 1744 1151 1801 nisi
1179 1744 1337 1802 fuste
1367 1748 1614 1816 co’e'rces,

254 1821 487 1898 Urgeris
516 1825 697 1881 turba
726 1826 950 1882 circum
980 1832 1042 1883 te
1073 1832 1295 1896 stante,
1327 1826 1629 1900 miserque
1986 1829 2097 1885 135

250 1902 556 1980 Rumperis
585 1911 647 1962 et
676 1904 885 1975 latraS,
916 1923 1279 1979 magnorum
1310 1906 1568 1962 maxime
1596 1904 1840 1979 regum!

251 1982 334 2040 Ne
362 1983 605 2058 longum
637 1985 891 2042 faciam:
936 1986 1078 2043 dum
1111 1992 1179 2043 tu
1209 1986 1544 2060 quadrante
1573 1985 1844 2042 lavatum

249 2062 371 2120 Rex
395 2064 525 2135 ibis,
557 2084 752 2140 neque
780 2072 841 2123 te
871 2067 1193 2141 quisquam
1225 2066 1485 2139 stipator
1510 2065 1783 2140 ineptum

251 2142 483 2201 Praeter
515 2144 869 2221 Crispinum
898 2146 1248 2213 sectabitur,
1281 2154 1344 2202 et
1370 2145 1515 2202 mihi
1549 2145 1753 2202 dulces

247 2223 572 2298 Ignoscent,
608 2226 660 2282 si
689 2226 838 2302 quid
867 2244 1116 2302 peccaro
1148 2225 1393 2295 stultus,
1428 2225 1620 2296 amici,
1986 2229 2097 2285 140

248 2302 421 2378 Inque
450 2305 645 2362 vicem
674 2306 911 2362 illorum
945 2307 1145 2381 patiar
1174 2306 1394 2363 delicta
1421 2305 1694 2376 libenter,

246 2382 629 2460 Privatusque
660 2386 857 2460 magis
887 2387 1093 2444 vivam
1122 2392 1182 2442 te
1214 2404 1353 2461 rege
1383 2386 1614 2443 beatus

1087 2597 1200 2654 IV.

244 2716 475 2794 Eupolis
505 2728 685 2799 atque
718 2722 1003 2780 Cratinus
1036 2723 1605 2799 Aristophanesque
1633 2725 1860 2798 poetae,

244 2798 429 2874 Atque
460 2802 580 2873 alii,
613 2820 871 2878 quorum
902 2803 1218 2860 comoedia
1245 2803 1446 2878 prisca
1474 2803 1741 2859 virorum
1770 2808 1882 2871 est,

245 2876 299 2934 Si
323 2880 451 2954 quis
479 2888 609 2939 erat
637 2883 860 2957 dignus
894 2883 1167 2952 describi,
1196 2883 1358 2958 quod
1387 2883 1584 2939 malus
1615 2900 1683 2940 ac
1712 2881 1823 2950 fur,

244 2957 399 3029 Quod
427 2962 714 3020 moechus
745 2962 900 3020 foret
930 2969 1036 3020 aut
1066 2963 1321 3020 sicarius
1353 2968 1460 3019 aut
1491 2961 1716 3036 alioqui

243 3035 539 3111 Famosus,
573 3044 767 3099 multa
798 3061 930 3098 cum
965 3043 1243 3100 libertato
1278 3043 1584 3099 notabant.
2058 3061 2093 3117 5

242 3115 387 3176 Hinc
416 3122 607 3178 omnis
637 3123 862 3197 pendet
892 3123 1180 3191 Lucilius,
1217 3122 1395 3179 hosce
1428 3134 1673 3179 secutus

239 3194 476 3256 Mutatis
503 3207 745 3259 tantum
774 3202 1028 3278 pedibus
1058 3204 1463 3277 numerisque,
1497 3204 1743 3272 facetuS,

425 3350 508 3401 117
531 3352 696 3396 divum
882 3353 968 3395 128
990 3366 1084 3412 quo
1270 3354 1355 3399 132
1379 3359 1543 3397 tonsor
1725 3352 1752 3394 3
1776 3353 1861 3393 aut
