2367 3784
148 1282 185 1303 t*

828 179 972 225 ΜΒ.
1020 180 1066 226 1.
1115 165 1329 227 29-32
1937 167 2021 229 89

969 381 1221 440 XXXI.

405 507 569 581 Quid
597 506 938 564 dedicatum
966 506 1168 579 poscit
1200 505 1551 580 Apollinem

404 584 646 646 Vates?
692 586 838 661 quid
870 595 1019 654 orat,
1055 586 1128 642 de
1161 593 1375 660 patera
1407 605 1632 645 novum

488 667 774 725 Fundens
804 664 1146 741 liquorem?
1238 666 1379 724 Non
1410 667 1648 742 opimae

571 746 888 804 Sardiniae
933 752 1172 820 segetes
1217 747 1459 817 seraceS,

408 827 552 885 Non
596 833 913 885 aestuosae
956 833 1134 901 grata
1177 827 1497 886 Calabriae
1990 834 2026 891 5

408 908 728 975 Armenta,
762 925 881 965 non
915 925 1127 964 aurum
1162 914 1269 965 aut
1295 909 1445 966 ebur
1473 909 1772 980 Indicum,

494 988 631 1045 Non
675 1005 816 1045 rura
856 1007 1009 1063 quae
1054 988 1217 1046 Liris
1259 990 1466 1065 quieta

569 1068 812 1126 Mordet
855 1087 1032 1144 aqua,
1080 1069 1421 1126 taciturnus
1463 1070 1674 1128 amnis.

413 1148 702 1207 Fremant
747 1149 978 1207 Calena.
1024 1150 1175 1207 falce
1220 1150 1438 1225 quibus
1480 1150 1649 1208 dedit

211 1276 359 1311 „m
412 1228 687 1287 Fortuna
727 1230 934 1299 vitem,
986 1230 1156 1287 dives
1201 1237 1263 1288 et
1307 1230 1504 1288 aureis
1634 1274 1642 1283 .
1955 1234 2029 1291 10

494 1308 797 1367 Mercator
837 1310 1104 1368 exsiccet
1147 1311 1389 1368 culullis
1609 1340 1650 1387 ς
1705 1326 1734 1373 ,·

571 1389 734 1447 Vina
777 1389 938 1465 Syra
983 1398 1268 1467 reparata
1308 1409 1520 1461 merce,

416 1470 529 1535 Dis
557 1488 732 1528 carus
761 1471 930 1547 ipsiS,
970 1473 1191 1548 quippe
1221 1479 1314 1529 ter
1343 1480 1404 1529 ct
1431 1478 1648 1548 quater

414 1550 599 1613 Anno
628 1550 902 1609 revisens
940 1569 1166 1627 aequor
1198 1552 1583 1610 Atlanticum
1941 1592 1948 1599 -

493 1630 782 1707 Impune:
828 1640 1234 1726 mempascnnt
1278 1633 1494 1701 olivae,
1591 1704 1604 1708 -
1813 1660 1832 1683 ι
1954 1637 2026 1693 15

573 1710 675 1769 Me
718 1711 995 1769 cichorea
1041 1706 1325 1789 ffivc'squ‘e
1369 1712 1621 1772 malvae.
1655 1728 1670 1757 ⁴*
1733 1730 1788 1757 Α(
1871 1732 1880 1743 ·

422 1790 562 1853 Frui
604 1793 835 1866 paratis
876 1798 939 1850 et
988 1793 1190 1849 valido
1233 1793 1399 1863 mihi,

419 1870 625 1942 Latoe,
668 1873 874 1941 donee,
921 1879 1001 1942 et,
1047 1891 1278 1948 precor,
1324 1873 1565 1945 integra

322 1884 350 2045 Ι
366 1884 388 2063 ι
498 1950 654 2011 Cum
684 1958 901 2023 mente,
935 1971 1045 2010 nee
1075 1959 1315 2030 turpem
1346 1959 1651 2012 senectam

575 2030 810 2107 Degere
855 2050 964 2090 nec-
1007 2032 1244 2093 eithara
1285 2040 1604 2092 carentem.
1955 2035 2030 2092 20

968 2232 1258 2291 XXXII.
1631 2170 1802 2273 ‘ff

423 2348 748 2409 Poscimur.
839 2351 903 2409 Si
938 2352 1085 2427 quid
1120 2352 1298 2410 vacui
1331 2352 1444 2408 sub
1474 2352 1687 2409 umbra

419 2428 707 2488 Lusimus
734 2436 952 2499 tecum,
989 2433 1153 2507 quod·
1180 2441 1244 2489 et
1274 2431 1433 2489 hunc
1463 2432 1524 2488 in
1558 2449 1782 2489 annum

422 2508 610 2567 Vivat
637 2517 698 2568 et
728 2511 949 2585 plureS‚
986 2530 1119 2586 age,
1153 2513 1250 2569 die
1282 2512 1591 2582 Latinum,

188 2628 221 2653 0
244 2628 267 2663 ς,
658 2590 920 2660 Barbite,
970 2609 1231 2662 carmen,

415 2669 639 2728 Lesbio
668 2671 931 2747 primum
969 2672 1279 2730 modulate
1309 2672 1445 2741 civi,
2003 2672 2037 2727 5

417 2749 557 2822 Qui,
589 2751 755 2808 ferox
784 2751 959 2821 beno,
996 2758 1204 2809 tamen
1235 2754 1392 2809 inter
1420 2769 1607 2821 arma,

419 2828 564 2889 Sive
596 2832 890 2905 jactatam
938 2833 1229 2906 religarat
1270 2833 1391 2890 udo

657 2910 864 2969 Litore
912 2913 1137 2981 navim,

415 2989 701 3049 Liberum
733 2990 795 3048 et
826 2991 1043 3050 Musas
1074 2993 1497 3068 Veneremque
1526 2999 1588 3050 et
1619 2991 1707 3049 illi

417 3069 668 3148 Semper
696 3072 1044 3130 haerentem
1076 3091 1329 3148 puerum
1362 3073 1632 3144 canebat,
1968 3069 2039 3126 10

417 3149 504 3209 Et
534 3151 766 3228 Lycum
800 3153 992 3228 nigris
1024 3154 1216 3210 oculis
1246 3153 1539 3228 nigroque

660 3232 841 3292 Crine
886 3234 1187 3293 decorum.

211 3374 242 3416 3
268 3373 479 3431 opimas
540 3372 571 3418 4
591 3372 761 3419 feracis
824 3374 852 3417 9
877 3373 1106 3418 Calenam
1131 3389 1154 3417 e
1176 3374 1439 3417 coniectura
1505 3372 1559 3414 10
1582 3374 1636 3413 ut
1700 3368 1754 3410 15
1776 3366 1978 3423 pascant

423 3434 480 3476 1⁸
503 3437 568 3486 tt,
590 3445 645 3480 2⁰
1112 3433 1139 3475 1
1160 3432 1403 3492 poseium·
1527 3430 1552 3470 1
1575 3430 1713 3471 antro
