2367 3784
978 128 1192 190 13-15
1897 128 2024 190 125

995 356 1175 416 XIV.
1750 364 1923 492 ᾗ

314 480 518 540 Mollis
547 480 769 538 inertia
798 496 904 537 cur
930 484 1171 537 tantam
1204 479 1513 539 diffuderit
1542 479 1684 539 imis

392 561 780 620 Oblivionem
825 560 1125 629 sensibus

320 642 545 700 Pocula
577 639 885 698 Lethaeos
915 646 986 698 ut
1016 640 1070 697 si
1100 640 1388 698 ducentia
1416 657 1666 698 somnos

395 721 625 779 Arente
668 721 838 778 fauce
882 720 1189 791 traxerim,

320 801 587 860 Candide
618 801 965 871 Maecenas,
998 800 1222 859 occidis
1253 818 1433 875 saepe
1463 800 1767 876 rogando:
1986 802 2020 858 5

395 882 583 952 Deus
627 882 779 938 deus
822 898 967 938 nam
1009 898 1106 939 me
1147 886 1319 939 vetat

319 961 620 1037 Inceptos,
652 962 797 1019 olim
826 961 1195 1036 promissum
1227 978 1488 1033 carmen,
1519 961 1758 1020 iambos

396 1042 498 1101 Ad
543 1041 892 1099 umbilicum
937 1041 1247 1098 adducere.

319 1121 376 1180 N
380 1140 458 1180 on
487 1121 665 1179 aliter
694 1118 906 1180 Samio
932 1121 1143 1181 dicunt
1173 1121 1394 1179 arsisse
1426 1120 1729 1197 Bathyllo‘

397 1202 789 1260 Anacreonta
832 1201 1062 1272 Teium,
1953 1202 2026 1256 10

322 1282 438 1357 Qui
466 1300 755 1358 persaepe
785 1300 939 1340 cava
964 1282 1271 1340 testudine
1304 1281 1471 1340 flevit
1499 1300 1765 1340 amorem

310 1390 314 1395 v
393 1361 535 1420 Non
578 1362 955 1421 elaboratum
997 1362 1072 1420 ad
1116 1363 1349 1437 pedem.

321 1442 529 1500 Ureris
558 1443 692 1518 ipse
721 1443 936 1500 miser:
981 1443 1142 1518 quod
1173 1444 1224 1500 si
1255 1460 1376 1500 non
1405 1441 1712 1518 pulchrior
1737 1441 1904 1518 ignis

398 1523 701 1581 Accendit
743 1523 1057 1581 obsessam
1099 1523 1278 1591 Ilion,

323 1601 532 1662 Gaude
564 1609 728 1661 sorte
759 1608 905 1677 tua;
947 1621 1044 1660 me
1074 1603 1362 1660 libertina
1389 1621 1582 1678 neque
1612 1620 1734 1660 uno
1953 1598 2041 1652 15·

400 1682 709 1742 Contenta
752 1683 1005 1759 Phryne
1049 1689 1329 1741 macerat.

1018 1888 1163 1948 XV.
1854 1924 1977 1961 f-

326 2012 459 2071 Nox
485 2020 619 2071 erat
647 2018 710 2072 et
738 2013 905 2072 caelo
935 2011 1210 2088 fulgebat
1239 2014 1385 2072 luna
1413 2031 1627 2073 sereno
1737 1956 1961 2083 μί’

400 2093 567 2151 Inter
608 2094 845 2151 minora
887 2093 1104 2165 sidera,

328 2173 476 2233 Oum
505 2181 592 2244 tu,
622 2191 983 2249 magnorum
1013 2192 1234 2231 numen
1265 2175 1507 2233 laesura
1533 2175 1801 2243 deorum,

398 2254 472 2311 In
515 2254 703 2312 verba
734 2254 988 2329 jurabas
1027 2272 1181 2324 mea,

325 2332 534 2392 Artius
566 2340 747 2410 atque
777 2334 1001 2393 hedera
1028 2351 1282 2409 procera
1309 2333 1713 2409 adstringitur
1740 2333 1874 2404 ilex,
1992 2335 2026 2390 5

399 2414 611 2472 Lentis
655 2414 988 2473 adhaerens
1030 2415 1345 2485 bracchiiS,

293 2497 306 2522 ‘
324 2493 477 2551 Dum
503 2497 708 2570 pecori
737 2496 916 2572 lupus
944 2501 1006 2554 et
1035 2496 1239 2553 nautis
1270 2495 1528 2553 infestus
1560 2494 1751 2553 Orion

399 2573 696 2633 Turbaret
738 2574 1053 2634 hibernum
1099 2593 1282 2646 mare,

327 2652 723 2732 Intonsosque
754 2657 1017 2732 agitaret
1049 2656 1358 2732 Apollinis
1389 2672 1545 2713 aura
1567 2654 1836 2731 capillos,

400 2735 552 2794 Fore
596 2735 755 2794 hunc
799 2755 1064 2795 amorem
1109 2737 1428 2794 mutuum.'
1962 2735 2033 2790 10

330 2813 378 2872 Ο
405 2816 665 2874 dolitura
695 2834 832 2875 mea
860 2817 1119 2875 multum
1151 2817 1378 2873 virtute
1410 2814 1468 2871 N
1473 2813 1683 2872 eaeral

398 2894 557 2953 Nam
587 2897 638 2954 si
669 2897 814 2972 quid
844 2897 906 2954 in
939 2897 1158 2954 Flacco
1189 2896 1301 2953 viri
1331 2900 1443 2966 est,

329 2973 460 3031 Non
489 2976 638 3034 feret
667 2977 946 3035 assiduas
975 2977 1196 3052 potiori
1211 2961 1288 3049 {te
1321 2974 1465 3032 dare
1495 2980 1722 3045 nocteS,

401 3054 479 3112 Et
519 3063 770 3132 quaeret
810 3058 1004 3115 iratus
1044 3074 1271 3132 parem,

330 3132 448 3191 Nec
474 3138 653 3195 semel
686 3138 949 3195 offensae
980 3138 1153 3195 cedet
1181 3135 1532 3194 constantia
1559 3135 1803 3205 formae,
1968 3131 2040 3189 15

402 3213 463 3272 Si
504 3223 703 3275 certus
747 3217 989 3275 intrarit
1030 3217 1217 3275 dolor.

302 3360 419 3423 3uti,
441 3370 586 3415 veluti
648 3372 676 3415 6
700 3371 798 3415 iam
861 3371 918 3415 13
942 3371 1002 3415 do
1027 3371 1156 3431 quod
1178 3383 1274 3414 non
1339 3370 1366 3413 8
1387 3368 1597 3413 turbarit
1656 3367 1684 3410 9
1708 3365 1908 3422 agitarit
