<?xml version="1.0" encoding="UTF-8"?>
<!DOCTYPE html PUBLIC "-//W3C//DTD XHTML 1.0 Transitional//EN"
    "http://www.w3.org/TR/xhtml1/DTD/xhtml1-transitional.dtd">
<html xmlns="http://www.w3.org/1999/xhtml" xml:lang="en" lang="en">
 <head>
  <title>
</title>
<meta http-equiv="Content-Type" content="text/html;charset=utf-8" />
  <meta name='ocr-system' content='tesseract 3.04.00' />
  <meta name='ocr-capabilities' content='ocr_page ocr_carea ocr_par ocr_line ocrx_word'/>
</head>
<body>
  <div class='ocr_page' id='page_1' title='image "./workshorace02chasgoog_0243.png"; bbox 0 0 2367 3784; ppageno 0'>
   <div class='ocr_carea' id='block_1_1' title="bbox 146 108 2127 1717">
    <p class='ocr_par' dir='ltr' id='par_1_1' title="bbox 146 108 2127 1073">
     <span class='ocr_line' id='line_1_1' title="bbox 924 108 2123 173; baseline 0.006 -7"><span class='ocrx_word' id='word_1_1' title='bbox 924 118 1067 167; x_wconf 74' lang='lat' dir='ltr'>Ans</span> <span class='ocrx_word' id='word_1_2' title='bbox 1120 120 1443 166; x_wconf 75' lang='lat' dir='ltr'>POE&#39;PICA</span> <span class='ocrx_word' id='word_1_3' title='bbox 1998 108 2123 173; x_wconf 81' lang='lat'>237</span> 
     </span>
     <span class='ocr_line' id='line_1_2' title="bbox 611 208 646 252; baseline 0 -2"><span class='ocrx_word' id='word_1_4' title='bbox 611 208 646 252; x_wconf 77' lang='lat' dir='ltr'>e</span> 
     </span>
     <span class='ocr_line' id='line_1_3' title="bbox 254 277 2125 355; baseline 0.003 -19"><span class='ocrx_word' id='word_1_5' title='bbox 254 278 530 352; x_wconf 87' lang='lat' dir='ltr'>Vergilio</span> <span class='ocrx_word' id='word_1_6' title='bbox 563 277 919 352; x_wconf 83' lang='lat' dir='ltr'>Varioque?</span> <span class='ocrx_word' id='word_1_7' title='bbox 1006 278 1141 352; x_wconf 87' lang='lat' dir='ltr'>Ego</span> <span class='ocrx_word' id='word_1_8' title='bbox 1172 296 1294 346; x_wconf 87' lang='lat' dir='ltr'>cur,</span> <span class='ocrx_word' id='word_1_9' title='bbox 1329 279 1634 352; x_wconf 78' lang='lat' dir='ltr'>acquirere</span> <span class='ocrx_word' id='word_1_10' title='bbox 1667 297 1862 355; x_wconf 85' lang='lat' dir='ltr'>pauca</span> <span class='ocrx_word' id='word_1_11' title='bbox 2050 285 2125 341; x_wconf 89' lang='lat'>55</span> 
     </span>
     <span class='ocr_line' id='line_1_4' title="bbox 256 357 1924 433; baseline 0.002 -18"><span class='ocrx_word' id='word_1_12' title='bbox 256 358 320 416; x_wconf 88' lang='lat' dir='ltr'>Si</span> <span class='ocrx_word' id='word_1_13' title='bbox 348 375 615 433; x_wconf 90' lang='lat' dir='ltr'>possum,</span> <span class='ocrx_word' id='word_1_14' title='bbox 648 357 939 426; x_wconf 86' lang='lat' dir='ltr'>invideor,</span> <span class='ocrx_word' id='word_1_15' title='bbox 973 376 1108 414; x_wconf 88' lang='lat' dir='ltr'>cum</span> <span class='ocrx_word' id='word_1_16' title='bbox 1141 358 1353 432; x_wconf 88' lang='lat' dir='ltr'>lingua</span> <span class='ocrx_word' id='word_1_17' title='bbox 1386 358 1638 415; x_wconf 84' lang='lat' dir='ltr'>Catonis</span> <span class='ocrx_word' id='word_1_18' title='bbox 1669 365 1731 416; x_wconf 89' lang='lat' dir='ltr'>et</span> <span class='ocrx_word' id='word_1_19' title='bbox 1762 359 1924 418; x_wconf 90' lang='lat' dir='ltr'>Enni</span> 
     </span>
     <span class='ocr_line' id='line_1_5' title="bbox 256 438 1725 512; baseline -0.001 -16"><span class='ocrx_word' id='word_1_20' title='bbox 256 438 604 497; x_wconf 82' lang='lat' dir='ltr'>Sermonem</span> <span class='ocrx_word' id='word_1_21' title='bbox 635 438 895 512; x_wconf 88' lang='lat' dir='ltr'>patrium</span> <span class='ocrx_word' id='word_1_22' title='bbox 926 438 1218 494; x_wconf 81' lang='lat' dir='ltr'>ditaverit</span> <span class='ocrx_word' id='word_1_23' title='bbox 1246 445 1308 494; x_wconf 88' lang='lat' dir='ltr'>et</span> <span class='ocrx_word' id='word_1_24' title='bbox 1337 456 1497 495; x_wconf 87' lang='lat' dir='ltr'>nova</span> <span class='ocrx_word' id='word_1_25' title='bbox 1526 457 1725 496; x_wconf 90' lang='lat' dir='ltr'>rerum</span> 
     </span>
     <span class='ocr_line' id='line_1_6' title="bbox 253 515 1827 594; baseline 0 -17"><span class='ocrx_word' id='word_1_26' title='bbox 253 518 522 577; x_wconf 85' lang='lat' dir='ltr'><strong>Nomina</strong></span> <span class='ocrx_word' id='word_1_27' title='bbox 550 516 916 592; x_wconf 83' lang='lat' dir='ltr'>protulerit?</span> <span class='ocrx_word' id='word_1_28' title='bbox 1002 515 1209 574; x_wconf 79' lang='lat' dir='ltr'>Licuit</span> <span class='ocrx_word' id='word_1_29' title='bbox 1237 535 1593 594; x_wconf 83' lang='lat' dir='ltr'>semperque</span> <span class='ocrx_word' id='word_1_30' title='bbox 1624 519 1827 577; x_wconf 79' lang='lat' dir='ltr'>licebit</span> 
     </span>
     <span class='ocr_line' id='line_1_7' title="bbox 255 598 1731 673; baseline 0.001 -18"><span class='ocrx_word' id='word_1_31' title='bbox 255 598 578 673; x_wconf 79' lang='lat' dir='ltr'>Signatum</span> <span class='ocrx_word' id='word_1_32' title='bbox 609 605 927 671; x_wconf 83' lang='lat' dir='ltr'>praesente</span> <span class='ocrx_word' id='word_1_33' title='bbox 959 607 1106 654; x_wconf 90' lang='lat' dir='ltr'>nota</span> <span class='ocrx_word' id='word_1_34' title='bbox 1133 598 1464 672; x_wconf 87' lang='lat' dir='ltr'>producere</span> <span class='ocrx_word' id='word_1_35' title='bbox 1495 617 1731 657; x_wconf 89' lang='lat' dir='ltr'>nomen.</span> 
     </span>
     <span class='ocr_line' id='line_1_8' title="bbox 259 677 2127 753; baseline 0.003 -17"><span class='ocrx_word' id='word_1_36' title='bbox 259 678 351 736; x_wconf 91' lang='lat' dir='ltr'>Ut</span> <span class='ocrx_word' id='word_1_37' title='bbox 381 679 572 735; x_wconf 87' lang='lat' dir='ltr'>silvae</span> <span class='ocrx_word' id='word_1_38' title='bbox 602 677 761 735; x_wconf 89' lang='lat' dir='ltr'>foliis</span> <span class='ocrx_word' id='word_1_39' title='bbox 789 695 1015 753; x_wconf 91' lang='lat' dir='ltr'>pronos</span> <span class='ocrx_word' id='word_1_40' title='bbox 1046 685 1363 734; x_wconf 87' lang='lat' dir='ltr'>mutantur</span> <span class='ocrx_word' id='word_1_41' title='bbox 1392 680 1455 734; x_wconf 89' lang='lat' dir='ltr'>in</span> <span class='ocrx_word' id='word_1_42' title='bbox 1486 697 1698 751; x_wconf 77' lang='lat' dir='ltr'>annOS,</span> <span class='ocrx_word' id='word_1_43' title='bbox 2052 685 2127 742; x_wconf 87' lang='grc'>60</span> 
     </span>
     <span class='ocr_line' id='line_1_9' title="bbox 258 758 1911 833; baseline 0.002 -17"><span class='ocrx_word' id='word_1_44' title='bbox 258 759 469 816; x_wconf 90' lang='lat' dir='ltr'>Prima</span> <span class='ocrx_word' id='word_1_45' title='bbox 498 758 758 816; x_wconf 87' lang='lat' dir='ltr'>cadunt:</span> <span class='ocrx_word' id='word_1_46' title='bbox 804 758 892 814; x_wconf 87' lang='lat' dir='ltr'>ita</span> <span class='ocrx_word' id='word_1_47' title='bbox 922 759 1246 814; x_wconf 88' lang='lat' dir='ltr'>verborum</span> <span class='ocrx_word' id='word_1_48' title='bbox 1281 767 1455 815; x_wconf 79' lang='lat' dir='ltr'>vetus</span> <span class='ocrx_word' id='word_1_49' title='bbox 1486 760 1690 817; x_wconf 86' lang='lat' dir='ltr'>interit</span> <span class='ocrx_word' id='word_1_50' title='bbox 1721 766 1911 833; x_wconf 81' lang='lat' dir='ltr'>aetas,</span> 
     </span>
     <span class='ocr_line' id='line_1_10' title="bbox 255 838 1839 915; baseline 0.001 -19"><span class='ocrx_word' id='word_1_51' title='bbox 255 838 341 896; x_wconf 89' lang='lat' dir='ltr'>Et</span> <span class='ocrx_word' id='word_1_52' title='bbox 373 841 668 912; x_wconf 88' lang='lat' dir='ltr'>juvenum</span> <span class='ocrx_word' id='word_1_53' title='bbox 699 838 821 895; x_wconf 90' lang='lat' dir='ltr'>ritu</span> <span class='ocrx_word' id='word_1_54' title='bbox 855 838 1068 895; x_wconf 85' lang='lat' dir='ltr'>florent</span> <span class='ocrx_word' id='word_1_55' title='bbox 1102 839 1280 895; x_wconf 91' lang='lat' dir='ltr'>modo</span> <span class='ocrx_word' id='word_1_56' title='bbox 1313 847 1457 895; x_wconf 88' lang='lat' dir='ltr'>nata</span> <span class='ocrx_word' id='word_1_57' title='bbox 1490 840 1839 915; x_wconf 88' lang='lat' dir='ltr'>vigentque.</span> 
     </span>
     <span class='ocr_line' id='line_1_11' title="bbox 146 902 1829 1028; baseline 0.002 -53"><span class='ocrx_word' id='word_1_58' title='bbox 146 902 559 1028; x_wconf 65' lang='lat' dir='ltr'>ffDebemur</span> <span class='ocrx_word' id='word_1_59' title='bbox 586 918 765 975; x_wconf 86' lang='lat' dir='ltr'>morti</span> <span class='ocrx_word' id='word_1_60' title='bbox 799 935 910 974; x_wconf 92' lang='lat' dir='ltr'>nos</span> <span class='ocrx_word' id='word_1_61' title='bbox 942 926 1287 993; x_wconf 85' lang='lat' dir='ltr'>nostraque.</span> <span class='ocrx_word' id='word_1_62' title='bbox 1379 918 1521 977; x_wconf 83' lang='lat' dir='ltr'>Sive</span> <span class='ocrx_word' id='word_1_63' title='bbox 1552 927 1829 995; x_wconf 85' lang='lat' dir='ltr'>receptus</span> 
     </span>
     <span class='ocr_line' id='line_1_12' title="bbox 254 997 1684 1073; baseline 0.001 -19"><span class='ocrx_word' id='word_1_64' title='bbox 254 998 442 1056; x_wconf 86' lang='lat' dir='ltr'>Terra</span> <span class='ocrx_word' id='word_1_65' title='bbox 471 997 796 1072; x_wconf 82' lang='lat' dir='ltr'>Neptunus</span> <span class='ocrx_word' id='word_1_66' title='bbox 826 999 1054 1055; x_wconf 82' lang='lat' dir='ltr'>classes</span> <span class='ocrx_word' id='word_1_67' title='bbox 1087 998 1471 1073; x_wconf 83' lang='lat' dir='ltr'>aquilonibus</span> <span class='ocrx_word' id='word_1_68' title='bbox 1504 1005 1684 1069; x_wconf 88' lang='lat' dir='ltr'>arcet,</span> 
     </span>
    </p>

    <p class='ocr_par' dir='ltr' id='par_1_2' title="bbox 248 1078 2127 1717">
     <span class='ocr_line' id='line_1_13' title="bbox 253 1078 2124 1155; baseline 0.003 -20"><span class='ocrx_word' id='word_1_69' title='bbox 253 1079 453 1153; x_wconf 86' lang='lat' dir='ltr'>Regis</span> <span class='ocrx_word' id='word_1_70' title='bbox 482 1096 651 1154; x_wconf 80' lang='lat' dir='ltr'>opuS‚</span> <span class='ocrx_word' id='word_1_71' title='bbox 684 1078 991 1135; x_wconf 88' lang='lat' dir='ltr'>sterilisve</span> <span class='ocrx_word' id='word_1_72' title='bbox 1023 1079 1129 1136; x_wconf 89' lang='lat' dir='ltr'>diu</span> <span class='ocrx_word' id='word_1_73' title='bbox 1159 1079 1335 1154; x_wconf 89' lang='lat' dir='ltr'>palus</span> <span class='ocrx_word' id='word_1_74' title='bbox 1368 1085 1629 1155; x_wconf 86' lang='lat' dir='ltr'>aptaque</span> <span class='ocrx_word' id='word_1_75' title='bbox 1659 1079 1846 1139; x_wconf 85' lang='lat' dir='ltr'>remis</span> <span class='ocrx_word' id='word_1_76' title='bbox 2050 1084 2124 1141; x_wconf 83' lang='lat'>65</span> 
     </span>
     <span class='ocr_line' id='line_1_14' title="bbox 251 1158 1706 1234; baseline 0.003 -23"><span class='ocrx_word' id='word_1_77' title='bbox 251 1158 511 1217; x_wconf 86' lang='lat' dir='ltr'>Vicinas</span> <span class='ocrx_word' id='word_1_78' title='bbox 541 1159 720 1215; x_wconf 90' lang='lat' dir='ltr'>urbes</span> <span class='ocrx_word' id='word_1_79' title='bbox 751 1159 860 1215; x_wconf 86' lang='lat' dir='ltr'>alit</span> <span class='ocrx_word' id='word_1_80' title='bbox 889 1166 951 1217; x_wconf 90' lang='lat' dir='ltr'>et</span> <span class='ocrx_word' id='word_1_81' title='bbox 981 1176 1168 1234; x_wconf 84' lang='lat' dir='ltr'>grave</span> <span class='ocrx_word' id='word_1_82' title='bbox 1202 1160 1389 1216; x_wconf 85' lang='lat' dir='ltr'>sentit</span> <span class='ocrx_word' id='word_1_83' title='bbox 1419 1168 1706 1229; x_wconf 83' lang='lat' dir='ltr'>aratrum,</span> 
     </span>
     <span class='ocr_line' id='line_1_15' title="bbox 253 1238 1810 1314; baseline 0.001 -17"><span class='ocrx_word' id='word_1_84' title='bbox 253 1238 377 1297; x_wconf 85' lang='lat' dir='ltr'>Seu</span> <span class='ocrx_word' id='word_1_85' title='bbox 407 1257 648 1297; x_wconf 86' lang='lat' dir='ltr'>cursum</span> <span class='ocrx_word' id='word_1_86' title='bbox 679 1239 948 1296; x_wconf 89' lang='lat' dir='ltr'>mutavit</span> <span class='ocrx_word' id='word_1_87' title='bbox 977 1239 1250 1314; x_wconf 90' lang='lat' dir='ltr'>iniquum</span> <span class='ocrx_word' id='word_1_88' title='bbox 1284 1240 1559 1314; x_wconf 83' lang='lat' dir='ltr'>frugibus</span> <span class='ocrx_word' id='word_1_89' title='bbox 1591 1239 1810 1313; x_wconf 85' lang='lat' dir='ltr'>amnis,</span> 
     </span>
     <span class='ocr_line' id='line_1_16' title="bbox 250 1319 1748 1395; baseline 0 -17"><span class='ocrx_word' id='word_1_90' title='bbox 250 1320 487 1378; x_wconf 88' lang='lat' dir='ltr'>Doctus</span> <span class='ocrx_word' id='word_1_91' title='bbox 516 1319 630 1375; x_wconf 89' lang='lat' dir='ltr'>iter</span> <span class='ocrx_word' id='word_1_92' title='bbox 658 1319 903 1390; x_wconf 68' lang='lat' dir='ltr'>meliuS,</span> <span class='ocrx_word' id='word_1_93' title='bbox 928 1320 1212 1376; x_wconf 86' lang='lat' dir='ltr'>mortalia</span> <span class='ocrx_word' id='word_1_94' title='bbox 1240 1320 1401 1377; x_wconf 86' lang='lat' dir='ltr'>faeta</span> <span class='ocrx_word' id='word_1_95' title='bbox 1429 1321 1748 1395; x_wconf 86' lang='lat' dir='ltr'>peribunt:</span> 
     </span>
     <span class='ocr_line' id='line_1_17' title="bbox 248 1399 1799 1474; baseline 0.001 -16"><span class='ocrx_word' id='word_1_96' title='bbox 248 1399 495 1458; x_wconf 87' lang='lat' dir='ltr'>Nedum</span> <span class='ocrx_word' id='word_1_97' title='bbox 526 1417 871 1456; x_wconf 86' lang='lat' dir='ltr'>sermonum</span> <span class='ocrx_word' id='word_1_98' title='bbox 903 1405 1025 1456; x_wconf 89' lang='lat' dir='ltr'>stet</span> <span class='ocrx_word' id='word_1_99' title='bbox 1057 1399 1250 1457; x_wconf 90' lang='lat' dir='ltr'>honos</span> <span class='ocrx_word' id='word_1_100' title='bbox 1279 1413 1341 1457; x_wconf 83' lang='lat' dir='ltr'>et</span> <span class='ocrx_word' id='word_1_101' title='bbox 1371 1401 1572 1474; x_wconf 87' lang='lat' dir='ltr'>gratia</span> <span class='ocrx_word' id='word_1_102' title='bbox 1598 1402 1799 1460; x_wconf 82' lang='lat' dir='ltr'>vivax.</span> 
     </span>
     <span class='ocr_line' id='line_1_18' title="bbox 249 1480 2127 1557; baseline 0.002 -19"><span class='ocrx_word' id='word_1_103' title='bbox 249 1480 456 1538; x_wconf 85' lang='lat' dir='ltr'>Multa</span> <span class='ocrx_word' id='word_1_104' title='bbox 482 1485 877 1536; x_wconf 86' lang='lat' dir='ltr'>renascentur</span> <span class='ocrx_word' id='word_1_105' title='bbox 905 1497 1058 1555; x_wconf 87' lang='lat' dir='ltr'>quae</span> <span class='ocrx_word' id='word_1_106' title='bbox 1093 1482 1219 1554; x_wconf 87' lang='lat' dir='ltr'>jam</span> <span class='ocrx_word' id='word_1_107' title='bbox 1252 1481 1535 1551; x_wconf 89' lang='lat' dir='ltr'>cecidere,</span> <span class='ocrx_word' id='word_1_108' title='bbox 1569 1482 1907 1557; x_wconf 86' lang='lat' dir='ltr'>cadentque</span> <span class='ocrx_word' id='word_1_109' title='bbox 2052 1481 2127 1542; x_wconf 76' lang='grc'>70</span> 
     </span>
     <span class='ocr_line' id='line_1_19' title="bbox 251 1559 1961 1634; baseline 0.001 -17"><span class='ocrx_word' id='word_1_110' title='bbox 251 1561 424 1634; x_wconf 81' lang='lat' dir='ltr'>Quae</span> <span class='ocrx_word' id='word_1_111' title='bbox 454 1578 614 1617; x_wconf 88' lang='lat' dir='ltr'>nunc</span> <span class='ocrx_word' id='word_1_112' title='bbox 645 1565 788 1617; x_wconf 89' lang='lat' dir='ltr'>sunt</span> <span class='ocrx_word' id='word_1_113' title='bbox 816 1560 879 1616; x_wconf 91' lang='lat' dir='ltr'>in</span> <span class='ocrx_word' id='word_1_114' title='bbox 910 1559 1137 1617; x_wconf 88' lang='lat' dir='ltr'>honore</span> <span class='ocrx_word' id='word_1_115' title='bbox 1172 1561 1483 1631; x_wconf 83' lang='lat' dir='ltr'>vocabula,</span> <span class='ocrx_word' id='word_1_116' title='bbox 1517 1562 1567 1618; x_wconf 93' lang='lat' dir='ltr'>si</span> <span class='ocrx_word' id='word_1_117' title='bbox 1599 1562 1766 1618; x_wconf 90' lang='lat' dir='ltr'>volet</span> <span class='ocrx_word' id='word_1_118' title='bbox 1794 1579 1961 1631; x_wconf 76' lang='lat' dir='ltr'>usuS,</span> 
     </span>
     <span class='ocr_line' id='line_1_20' title="bbox 253 1640 2040 1717; baseline 0.001 -19"><span class='ocrx_word' id='word_1_119' title='bbox 253 1640 450 1699; x_wconf 82' lang='lat' dir='ltr'>Ouem</span> <span class='ocrx_word' id='word_1_120' title='bbox 482 1658 670 1715; x_wconf 89' lang='lat' dir='ltr'>penes</span> <span class='ocrx_word' id='word_1_121' title='bbox 700 1640 1017 1698; x_wconf 85' lang='lat' dir='ltr'>arbitrium</span> <span class='ocrx_word' id='word_1_122' title='bbox 1049 1646 1146 1698; x_wconf 88' lang='lat' dir='ltr'>est</span> <span class='ocrx_word' id='word_1_123' title='bbox 1175 1646 1238 1697; x_wconf 92' lang='lat' dir='ltr'>et</span> <span class='ocrx_word' id='word_1_124' title='bbox 1270 1642 1372 1715; x_wconf 90' lang='lat' dir='ltr'>jus</span> <span class='ocrx_word' id='word_1_125' title='bbox 1401 1649 1463 1699; x_wconf 90' lang='lat' dir='ltr'>et</span> <span class='ocrx_word' id='word_1_126' title='bbox 1493 1658 1706 1699; x_wconf 89' lang='lat' dir='ltr'>norma</span> <span class='ocrx_word' id='word_1_127' title='bbox 1734 1641 2040 1717; x_wconf 88' lang='lat' dir='ltr'>loquendi.</span> 
     </span>
    </p>
   </div>
   <div class='ocr_carea' id='block_1_2' title="bbox 250 1806 2125 2842">
    <p class='ocr_par' dir='ltr' id='par_1_3' title="bbox 250 1806 2125 2842">
     <span class='ocr_line' id='line_1_21' title="bbox 332 1806 1945 1884; baseline 0.002 -20"><span class='ocrx_word' id='word_1_128' title='bbox 332 1806 458 1864; x_wconf 87' lang='lat' dir='ltr'>Res</span> <span class='ocrx_word' id='word_1_129' title='bbox 487 1823 696 1881; x_wconf 77' lang='lat' dir='ltr'>gestae</span> <span class='ocrx_word' id='word_1_130' title='bbox 725 1825 1059 1883; x_wconf 85' lang='lat' dir='ltr'>regumque</span> <span class='ocrx_word' id='word_1_131' title='bbox 1090 1807 1429 1884; x_wconf 89' lang='lat' dir='ltr'>ducumque</span> <span class='ocrx_word' id='word_1_132' title='bbox 1460 1814 1522 1866; x_wconf 91' lang='lat' dir='ltr'>et</span> <span class='ocrx_word' id='word_1_133' title='bbox 1554 1809 1754 1866; x_wconf 84' lang='lat' dir='ltr'>tristia</span> <span class='ocrx_word' id='word_1_134' title='bbox 1783 1809 1945 1867; x_wconf 89' lang='lat' dir='ltr'>bella</span> 
     </span>
     <span class='ocr_line' id='line_1_22' title="bbox 253 1888 1937 1962; baseline 0.002 -18"><span class='ocrx_word' id='word_1_135' title='bbox 253 1888 388 1960; x_wconf 83' lang='lat' dir='ltr'>Quo</span> <span class='ocrx_word' id='word_1_136' title='bbox 419 1888 599 1945; x_wconf 88' lang='lat' dir='ltr'>scribi</span> <span class='ocrx_word' id='word_1_137' title='bbox 629 1894 879 1962; x_wconf 87' lang='lat' dir='ltr'>possent</span> <span class='ocrx_word' id='word_1_138' title='bbox 911 1905 1180 1958; x_wconf 88' lang='lat' dir='ltr'>numero,</span> <span class='ocrx_word' id='word_1_139' title='bbox 1215 1889 1581 1945; x_wconf 86' lang='lat' dir='ltr'>monstravit</span> <span class='ocrx_word' id='word_1_140' title='bbox 1615 1888 1937 1947; x_wconf 76' lang='lat' dir='ltr'>Homerus,</span> 
     </span>
     <span class='ocr_line' id='line_1_23' title="bbox 250 1967 2119 2044; baseline 0.002 -20"><span class='ocrx_word' id='word_1_141' title='bbox 250 1967 554 2024; x_wconf 89' lang='lat' dir='ltr'>Versibus</span> <span class='ocrx_word' id='word_1_142' title='bbox 584 1968 892 2042; x_wconf 88' lang='lat' dir='ltr'>impariter</span> <span class='ocrx_word' id='word_1_143' title='bbox 926 1968 1159 2040; x_wconf 87' lang='lat' dir='ltr'>junctis</span> <span class='ocrx_word' id='word_1_144' title='bbox 1190 1968 1567 2044; x_wconf 88' lang='lat' dir='ltr'>querimonia</span> <span class='ocrx_word' id='word_1_145' title='bbox 1594 1968 1878 2043; x_wconf 90' lang='lat' dir='ltr'>primum,</span> <span class='ocrx_word' id='word_1_146' title='bbox 2048 1969 2119 2030; x_wconf 74' lang='lat'>75</span> 
     </span>
     <span class='ocr_line' id='line_1_24' title="bbox 252 2048 1820 2123; baseline 0.001 -18"><span class='ocrx_word' id='word_1_147' title='bbox 252 2048 407 2105; x_wconf 88' lang='lat' dir='ltr'>Post</span> <span class='ocrx_word' id='word_1_148' title='bbox 436 2048 622 2105; x_wconf 91' lang='lat' dir='ltr'>etiam</span> <span class='ocrx_word' id='word_1_149' title='bbox 653 2048 886 2104; x_wconf 86' lang='lat' dir='ltr'>inclusa</span> <span class='ocrx_word' id='word_1_150' title='bbox 917 2054 1013 2104; x_wconf 89' lang='lat' dir='ltr'>est</span> <span class='ocrx_word' id='word_1_151' title='bbox 1044 2048 1170 2105; x_wconf 90' lang='lat' dir='ltr'>voti</span> <span class='ocrx_word' id='word_1_152' title='bbox 1206 2048 1511 2104; x_wconf 89' lang='lat' dir='ltr'>sententia</span> <span class='ocrx_word' id='word_1_153' title='bbox 1540 2065 1820 2123; x_wconf 87' lang='lat' dir='ltr'>compos:</span> 
     </span>
     <span class='ocr_line' id='line_1_25' title="bbox 253 2126 1719 2202; baseline 0.001 -19"><span class='ocrx_word' id='word_1_154' title='bbox 253 2128 405 2201; x_wconf 79' lang='lat' dir='ltr'>Quis</span> <span class='ocrx_word' id='word_1_155' title='bbox 434 2134 637 2185; x_wconf 86' lang='lat' dir='ltr'>tamen</span> <span class='ocrx_word' id='word_1_156' title='bbox 667 2128 923 2202; x_wconf 82' lang='lat' dir='ltr'>exiguos</span> <span class='ocrx_word' id='word_1_157' title='bbox 955 2127 1163 2202; x_wconf 88' lang='lat' dir='ltr'>elegos</span> <span class='ocrx_word' id='word_1_158' title='bbox 1193 2126 1465 2184; x_wconf 88' lang='lat' dir='ltr'>emiserit</span> <span class='ocrx_word' id='word_1_159' title='bbox 1495 2134 1719 2197; x_wconf 89' lang='lat' dir='ltr'>auctor,</span> 
     </span>
     <span class='ocr_line' id='line_1_26' title="bbox 254 2206 1877 2281; baseline -0.001 -14"><span class='ocrx_word' id='word_1_160' title='bbox 254 2208 653 2267; x_wconf 84' lang='lat' dir='ltr'>Grammatici</span> <span class='ocrx_word' id='word_1_161' title='bbox 681 2213 933 2277; x_wconf 88' lang='lat' dir='ltr'>certant,</span> <span class='ocrx_word' id='word_1_162' title='bbox 961 2213 1023 2264; x_wconf 94' lang='lat' dir='ltr'>et</span> <span class='ocrx_word' id='word_1_163' title='bbox 1053 2206 1253 2264; x_wconf 86' lang='lat' dir='ltr'>adhuc</span> <span class='ocrx_word' id='word_1_164' title='bbox 1283 2208 1395 2264; x_wconf 93' lang='lat' dir='ltr'>sub</span> <span class='ocrx_word' id='word_1_165' title='bbox 1429 2207 1629 2281; x_wconf 87' lang='lat' dir='ltr'>judice</span> <span class='ocrx_word' id='word_1_166' title='bbox 1660 2208 1736 2264; x_wconf 91' lang='lat' dir='ltr'>lis</span> <span class='ocrx_word' id='word_1_167' title='bbox 1766 2213 1877 2266; x_wconf 90' lang='lat' dir='ltr'>est.</span> 
     </span>
     <span class='ocr_line' id='line_1_27' title="bbox 253 2287 1759 2363; baseline -0.001 -17"><span class='ocrx_word' id='word_1_168' title='bbox 253 2287 690 2346; x_wconf 87' lang='lat' dir='ltr'>Archilochum</span> <span class='ocrx_word' id='word_1_169' title='bbox 719 2287 960 2363; x_wconf 90' lang='lat' dir='ltr'>proprio</span> <span class='ocrx_word' id='word_1_170' title='bbox 990 2287 1195 2345; x_wconf 86' lang='lat' dir='ltr'>rabies</span> <span class='ocrx_word' id='word_1_171' title='bbox 1228 2288 1491 2345; x_wconf 88' lang='lat' dir='ltr'>armavit</span> <span class='ocrx_word' id='word_1_172' title='bbox 1521 2288 1719 2345; x_wconf 87' lang='lat' dir='ltr'>iambo</span> <span class='ocrx_word' id='word_1_173' title='bbox 1745 2308 1759 2361; x_wconf 83' lang='lat'><em>3</em></span> 
     </span>
     <span class='ocr_line' id='line_1_28' title="bbox 255 2367 2125 2443; baseline 0.002 -18"><span class='ocrx_word' id='word_1_174' title='bbox 255 2367 439 2426; x_wconf 90' lang='lat' dir='ltr'>Hunc</span> <span class='ocrx_word' id='word_1_175' title='bbox 469 2369 628 2425; x_wconf 86' lang='lat' dir='ltr'>socci</span> <span class='ocrx_word' id='word_1_176' title='bbox 657 2385 865 2442; x_wconf 88' lang='lat' dir='ltr'>cepere</span> <span class='ocrx_word' id='word_1_177' title='bbox 896 2368 1113 2443; x_wconf 88' lang='lat' dir='ltr'>pedem</span> <span class='ocrx_word' id='word_1_178' title='bbox 1146 2368 1528 2443; x_wconf 83' lang='lat' dir='ltr'>grandesque</span> <span class='ocrx_word' id='word_1_179' title='bbox 1561 2368 1859 2440; x_wconf 87' lang='lat' dir='ltr'>cothurni,</span> <span class='ocrx_word' id='word_1_180' title='bbox 2049 2371 2125 2428; x_wconf 91' lang='grc'>80</span> 
     </span>
     <span class='ocr_line' id='line_1_29' title="bbox 254 2448 1646 2524; baseline -0.001 -18"><span class='ocrx_word' id='word_1_181' title='bbox 254 2448 529 2506; x_wconf 87' lang='lat' dir='ltr'>Alternis</span> <span class='ocrx_word' id='word_1_182' title='bbox 561 2453 772 2524; x_wconf 88' lang='lat' dir='ltr'>aptum</span> <span class='ocrx_word' id='word_1_183' title='bbox 804 2448 1203 2518; x_wconf 80' lang='lat' dir='ltr'>sermonibuS,</span> <span class='ocrx_word' id='word_1_184' title='bbox 1235 2460 1296 2506; x_wconf 88' lang='lat' dir='ltr'>et</span> <span class='ocrx_word' id='word_1_185' title='bbox 1325 2449 1646 2524; x_wconf 88' lang='lat' dir='ltr'>populares</span> 
     </span>
     <span class='ocr_line' id='line_1_30' title="bbox 255 2527 1802 2603; baseline 0 -18"><span class='ocrx_word' id='word_1_186' title='bbox 255 2527 613 2585; x_wconf 89' lang='lat' dir='ltr'>Vincentem</span> <span class='ocrx_word' id='word_1_187' title='bbox 645 2529 955 2603; x_wconf 76' lang='lat' dir='ltr'>strepituS‚</span> <span class='ocrx_word' id='word_1_188' title='bbox 984 2534 1046 2585; x_wconf 90' lang='lat' dir='ltr'>et</span> <span class='ocrx_word' id='word_1_189' title='bbox 1076 2534 1290 2585; x_wconf 85' lang='lat' dir='ltr'>natum</span> <span class='ocrx_word' id='word_1_190' title='bbox 1320 2529 1499 2585; x_wconf 91' lang='lat' dir='ltr'>rebus</span> <span class='ocrx_word' id='word_1_191' title='bbox 1532 2528 1802 2602; x_wconf 82' lang='lat' dir='ltr'>agendis,</span> 
     </span>
     <span class='ocr_line' id='line_1_31' title="bbox 256 2608 1732 2684; baseline -0.001 -19"><span class='ocrx_word' id='word_1_192' title='bbox 256 2608 441 2665; x_wconf 89' lang='lat' dir='ltr'>Musa</span> <span class='ocrx_word' id='word_1_193' title='bbox 468 2608 636 2665; x_wconf 86' lang='lat' dir='ltr'>dedit</span> <span class='ocrx_word' id='word_1_194' title='bbox 665 2608 882 2666; x_wconf 91' lang='lat' dir='ltr'>fidibus</span> <span class='ocrx_word' id='word_1_195' title='bbox 912 2608 1086 2665; x_wconf 90' lang='lat' dir='ltr'>divos</span> <span class='ocrx_word' id='word_1_196' title='bbox 1115 2626 1455 2684; x_wconf 90' lang='lat' dir='ltr'>puerosque</span> <span class='ocrx_word' id='word_1_197' title='bbox 1486 2609 1732 2665; x_wconf 88' lang='lat' dir='ltr'>deorum</span> 
     </span>
     <span class='ocr_line' id='line_1_32' title="bbox 257 2687 1954 2763; baseline 0.001 -18"><span class='ocrx_word' id='word_1_198' title='bbox 257 2688 339 2745; x_wconf 88' lang='lat' dir='ltr'>Et</span> <span class='ocrx_word' id='word_1_199' title='bbox 365 2688 637 2763; x_wconf 86' lang='lat' dir='ltr'>pugilem</span> <span class='ocrx_word' id='word_1_200' title='bbox 668 2690 959 2746; x_wconf 89' lang='lat' dir='ltr'>victorem</span> <span class='ocrx_word' id='word_1_201' title='bbox 989 2692 1052 2745; x_wconf 87' lang='lat' dir='ltr'>et</span> <span class='ocrx_word' id='word_1_202' title='bbox 1080 2707 1300 2763; x_wconf 90' lang='lat' dir='ltr'>equum</span> <span class='ocrx_word' id='word_1_203' title='bbox 1334 2689 1659 2745; x_wconf 88' lang='lat' dir='ltr'>certamine</span> <span class='ocrx_word' id='word_1_204' title='bbox 1688 2687 1954 2763; x_wconf 89' lang='lat' dir='ltr'>primum</span> 
     </span>
     <span class='ocr_line' id='line_1_33' title="bbox 258 2768 2119 2842; baseline 0 -17"><span class='ocrx_word' id='word_1_205' title='bbox 258 2768 342 2825; x_wconf 88' lang='lat' dir='ltr'>Et</span> <span class='ocrx_word' id='word_1_206' title='bbox 373 2770 668 2842; x_wconf 87' lang='lat' dir='ltr'>juvenum</span> <span class='ocrx_word' id='word_1_207' title='bbox 699 2786 876 2826; x_wconf 87' lang='lat' dir='ltr'>curas</span> <span class='ocrx_word' id='word_1_208' title='bbox 906 2775 968 2826; x_wconf 89' lang='lat' dir='ltr'>et</span> <span class='ocrx_word' id='word_1_209' title='bbox 997 2768 1187 2825; x_wconf 89' lang='lat' dir='ltr'>libera</span> <span class='ocrx_word' id='word_1_210' title='bbox 1219 2768 1363 2825; x_wconf 88' lang='lat' dir='ltr'>vina</span> <span class='ocrx_word' id='word_1_211' title='bbox 1392 2768 1628 2825; x_wconf 89' lang='lat' dir='ltr'>referre.</span> <span class='ocrx_word' id='word_1_212' title='bbox 2047 2770 2119 2825; x_wconf 89' lang='lat'>85</span> 
     </span>
    </p>
   </div>
   <div class='ocr_carea' id='block_1_3' title="bbox 260 2920 1896 3235">
    <p class='ocr_par' dir='ltr' id='par_1_4' title="bbox 260 2920 1850 3157">
     <span class='ocr_line' id='line_1_34' title="bbox 340 2920 1850 2996; baseline -0.002 -17"><span class='ocrx_word' id='word_1_213' title='bbox 340 2921 692 2996; x_wconf 86' lang='lat' dir='ltr'>Descriptas</span> <span class='ocrx_word' id='word_1_214' title='bbox 724 2938 966 2978; x_wconf 86' lang='lat' dir='ltr'>servare</span> <span class='ocrx_word' id='word_1_215' title='bbox 999 2921 1164 2978; x_wconf 85' lang='lat' dir='ltr'>vices</span> <span class='ocrx_word' id='word_1_216' title='bbox 1197 2937 1567 2996; x_wconf 88' lang='lat' dir='ltr'>operumque</span> <span class='ocrx_word' id='word_1_217' title='bbox 1599 2920 1850 2990; x_wconf 78' lang='lat' dir='ltr'>coloreS,</span> 
     </span>
     <span class='ocr_line' id='line_1_35' title="bbox 260 2998 1788 3077; baseline -0.001 -17"><span class='ocrx_word' id='word_1_218' title='bbox 260 3003 384 3061; x_wconf 84' lang='lat' dir='ltr'>Cur</span> <span class='ocrx_word' id='word_1_219' title='bbox 411 3020 542 3077; x_wconf 81' lang='lat' dir='ltr'>ege,</span> <span class='ocrx_word' id='word_1_220' title='bbox 576 3002 627 3058; x_wconf 90' lang='lat' dir='ltr'>si</span> <span class='ocrx_word' id='word_1_221' title='bbox 658 3019 891 3076; x_wconf 88' lang='lat' dir='ltr'>nequeo</span> <span class='ocrx_word' id='word_1_222' title='bbox 919 3000 1271 3075; x_wconf 87' lang='lat' dir='ltr'>ignoroque,</span> <span class='ocrx_word' id='word_1_223' title='bbox 1304 3005 1482 3076; x_wconf 69' lang='lat' dir='ltr'>poeta</span> <span class='ocrx_word' id='word_1_224' title='bbox 1513 2998 1788 3058; x_wconf 86' lang='lat' dir='ltr'>salutor?</span> 
     </span>
     <span class='ocr_line' id='line_1_36' title="bbox 261 3077 1838 3157; baseline -0.003 -17"><span class='ocrx_word' id='word_1_225' title='bbox 261 3083 384 3141; x_wconf 85' lang='lat' dir='ltr'>Cur</span> <span class='ocrx_word' id='word_1_226' title='bbox 413 3083 640 3139; x_wconf 87' lang='lat' dir='ltr'>nescire</span> <span class='ocrx_word' id='word_1_227' title='bbox 669 3081 906 3157; x_wconf 88' lang='lat' dir='ltr'>pudens</span> <span class='ocrx_word' id='word_1_228' title='bbox 935 3098 1123 3155; x_wconf 84' lang='lat' dir='ltr'>prave</span> <span class='ocrx_word' id='word_1_229' title='bbox 1155 3098 1339 3156; x_wconf 88' lang='lat' dir='ltr'>quam</span> <span class='ocrx_word' id='word_1_230' title='bbox 1371 3081 1596 3137; x_wconf 88' lang='lat' dir='ltr'>discere</span> <span class='ocrx_word' id='word_1_231' title='bbox 1629 3077 1838 3137; x_wconf 87' lang='lat' dir='ltr'>malo?</span> 
     </span>
    </p>

    <p class='ocr_par' dir='ltr' id='par_1_5' title="bbox 338 3159 1896 3235">
     <span class='ocr_line' id='line_1_37' title="bbox 338 3159 1896 3235; baseline -0.003 -15"><span class='ocrx_word' id='word_1_232' title='bbox 338 3162 636 3220; x_wconf 89' lang='lat' dir='ltr'>Versibus</span> <span class='ocrx_word' id='word_1_233' title='bbox 664 3160 882 3235; x_wconf 85' lang='lat' dir='ltr'>exponi</span> <span class='ocrx_word' id='word_1_234' title='bbox 912 3161 1164 3234; x_wconf 86' lang='lat' dir='ltr'>tragicis</span> <span class='ocrx_word' id='word_1_235' title='bbox 1196 3177 1292 3216; x_wconf 90' lang='lat' dir='ltr'>res</span> <span class='ocrx_word' id='word_1_236' title='bbox 1321 3161 1551 3217; x_wconf 89' lang='lat' dir='ltr'>comica</span> <span class='ocrx_word' id='word_1_237' title='bbox 1579 3178 1700 3217; x_wconf 90' lang='lat' dir='ltr'>non</span> <span class='ocrx_word' id='word_1_238' title='bbox 1731 3159 1896 3232; x_wconf 94' lang='lat' dir='ltr'>volt;</span> 
     </span>
    </p>
   </div>
   <div class='ocr_carea' id='block_1_4' title="bbox 319 3313 2064 3382">
    <p class='ocr_par' dir='ltr' id='par_1_6' title="bbox 319 3313 2064 3382">
     <span class='ocr_line' id='line_1_38' title="bbox 319 3313 2064 3382; baseline -0.006 -17"><span class='ocrx_word' id='word_1_239' title='bbox 319 3320 374 3365; x_wconf 76' lang='lat'>59</span> <span class='ocrx_word' id='word_1_240' title='bbox 397 3319 660 3382; x_wconf 80' lang='lat' dir='ltr'>procudere</span> <span class='ocrx_word' id='word_1_241' title='bbox 714 3318 780 3362; x_wconf 66' lang='lat'>‘62</span> <span class='ocrx_word' id='word_1_242' title='bbox 804 3318 1059 3377; x_wconf 83' lang='lat' dir='ltr'>virentque</span> <span class='ocrx_word' id='word_1_243' title='bbox 1121 3316 1179 3359; x_wconf 81' lang='lat'>63</span> <span class='ocrx_word' id='word_1_244' title='bbox 1203 3314 1430 3360; x_wconf 80' lang='lat' dir='ltr'>debemus</span> <span class='ocrx_word' id='word_1_245' title='bbox 1493 3318 1550 3360; x_wconf 83' lang='lat'>65</span> <span class='ocrx_word' id='word_1_246' title='bbox 1574 3316 1847 3374; x_wconf 76' lang='lat' dir='ltr'>sterilisque</span> <span class='ocrx_word' id='word_1_247' title='bbox 1910 3313 1967 3358; x_wconf 72' lang='lat'>72</span> <span class='ocrx_word' id='word_1_248' title='bbox 1991 3313 2064 3356; x_wconf 79' lang='lat' dir='ltr'>vis</span> 
     </span>
    </p>
   </div>
  </div>
 </body>
</html>
