<?xml version="1.0" encoding="UTF-8"?>
<!DOCTYPE html PUBLIC "-//W3C//DTD XHTML 1.0 Transitional//EN"
    "http://www.w3.org/TR/xhtml1/DTD/xhtml1-transitional.dtd">
<html xmlns="http://www.w3.org/1999/xhtml" xml:lang="en" lang="en">
 <head>
  <title>
</title>
<meta http-equiv="Content-Type" content="text/html;charset=utf-8" />
  <meta name='ocr-system' content='tesseract 3.04.00' />
  <meta name='ocr-capabilities' content='ocr_page ocr_carea ocr_par ocr_line ocrx_word'/>
</head>
<body>
  <div class='ocr_page' id='page_1' title='image "./workshorace02chasgoog_0161.png"; bbox 0 0 2367 3784; ppageno 0'>
   <div class='ocr_carea' id='block_1_1' title="bbox 879 128 2047 206">
    <p class='ocr_par' dir='ltr' id='par_1_1' title="bbox 879 128 2047 206">
     <span class='ocr_line' id='line_1_1' title="bbox 879 128 2047 206; baseline -0.001 -15"><span class='ocrx_word' id='word_1_1' title='bbox 879 145 1028 193; x_wconf 78' lang='lat' dir='ltr'>Lm.</span> <span class='ocrx_word' id='word_1_2' title='bbox 1075 144 1122 193; x_wconf 91' lang='lat'>1.</span> <span class='ocrx_word' id='word_1_3' title='bbox 1169 130 1226 206; x_wconf 85' lang='lat'>9,</span> <span class='ocrx_word' id='word_1_4' title='bbox 1264 128 1342 191; x_wconf 89' lang='grc'>10</span> <span class='ocrx_word' id='word_1_5' title='bbox 1926 129 2047 191; x_wconf 74' lang='lat'>155</span> 
     </span>
    </p>
   </div>
   <div class='ocr_carea' id='block_1_2' title="bbox 218 302 2141 1662">
    <p class='ocr_par' dir='ltr' id='par_1_2' title="bbox 218 302 2141 697">
     <span class='ocr_line' id='line_1_2' title="bbox 218 302 1961 380; baseline 0.001 -20"><span class='ocrx_word' id='word_1_6' title='bbox 218 305 316 378; x_wconf 86' lang='lat' dir='ltr'>Qui</span> <span class='ocrx_word' id='word_1_7' title='bbox 344 303 582 380; x_wconf 84' lang='lat' dir='ltr'>pulchre</span> <span class='ocrx_word' id='word_1_8' title='bbox 612 310 837 361; x_wconf 88' lang='lat' dir='ltr'>nosset.</span> <span class='ocrx_word' id='word_1_9' title='bbox 928 303 1354 362; x_wconf 75' lang='lat' dir='ltr'>consistimus,</span> <span class='ocrx_word' id='word_1_10' title='bbox 1443 303 1672 361; x_wconf 85' lang='lat' dir='ltr'>“Unde</span> <span class='ocrx_word' id='word_1_11' title='bbox 1694 302 1904 362; x_wconf 79' lang='lat' dir='ltr'>venis?</span> <span class='ocrx_word' id='word_1_12' title='bbox 1927 306 1961 336; x_wconf 89' lang='lat'>&#39;’</span> 
     </span>
     <span class='ocr_line' id='line_1_3' title="bbox 220 383 1902 460; baseline 0.001 -20"><span class='ocrx_word' id='word_1_13' title='bbox 220 391 246 414; x_wconf 88' lang='lat'><strong>“</strong></span> <span class='ocrx_word' id='word_1_14' title='bbox 270 386 390 457; x_wconf 79' lang='lat' dir='ltr'>Quo</span> <span class='ocrx_word' id='word_1_15' title='bbox 417 383 707 440; x_wconf 86' lang='lat' dir='ltr'>tendis?”</span> <span class='ocrx_word' id='word_1_16' title='bbox 737 391 915 458; x_wconf 85' lang='lat' dir='ltr'>rogat</span> <span class='ocrx_word' id='word_1_17' title='bbox 942 391 1005 442; x_wconf 90' lang='lat' dir='ltr'>et</span> <span class='ocrx_word' id='word_1_18' title='bbox 1033 386 1375 459; x_wconf 88' lang='lat' dir='ltr'>respondet.</span> <span class='ocrx_word' id='word_1_19' title='bbox 1462 384 1704 441; x_wconf 81' lang='lat' dir='ltr'>Vellere</span> <span class='ocrx_word' id='word_1_20' title='bbox 1735 384 1902 460; x_wconf 88' lang='lat' dir='ltr'>coepi</span> 
     </span>
     <span class='ocr_line' id='line_1_4' title="bbox 218 464 1738 540; baseline -0.001 -18"><span class='ocrx_word' id='word_1_21' title='bbox 218 464 289 522; x_wconf 86' lang='lat' dir='ltr'>Et</span> <span class='ocrx_word' id='word_1_22' title='bbox 311 482 582 540; x_wconf 86' lang='lat' dir='ltr'>prensare</span> <span class='ocrx_word' id='word_1_23' title='bbox 614 482 798 521; x_wconf 85' lang='lat' dir='ltr'>manu</span> <span class='ocrx_word' id='word_1_24' title='bbox 827 465 1168 521; x_wconf 88' lang='lat' dir='ltr'>lentissima</span> <span class='ocrx_word' id='word_1_25' title='bbox 1201 465 1464 534; x_wconf 86' lang='lat' dir='ltr'>brachia,</span> <span class='ocrx_word' id='word_1_26' title='bbox 1496 472 1738 533; x_wconf 86' lang='lat' dir='ltr'>nutans,</span> 
     </span>
     <span class='ocr_line' id='line_1_5' title="bbox 218 543 2141 620; baseline -0.001 -19"><span class='ocrx_word' id='word_1_27' title='bbox 218 544 590 619; x_wconf 82' lang='lat' dir='ltr'>Distorquens</span> <span class='ocrx_word' id='word_1_28' title='bbox 620 544 845 614; x_wconf 90' lang='lat' dir='ltr'>oculos,</span> <span class='ocrx_word' id='word_1_29' title='bbox 879 551 947 601; x_wconf 90' lang='lat' dir='ltr'>ut</span> <span class='ocrx_word' id='word_1_30' title='bbox 976 562 1073 601; x_wconf 88' lang='lat' dir='ltr'>me</span> <span class='ocrx_word' id='word_1_31' title='bbox 1102 545 1372 620; x_wconf 88' lang='lat' dir='ltr'>eriperet.</span> <span class='ocrx_word' id='word_1_32' title='bbox 1460 543 1626 600; x_wconf 86' lang='lat' dir='ltr'>Male</span> <span class='ocrx_word' id='word_1_33' title='bbox 1658 544 1856 602; x_wconf 87' lang='lat' dir='ltr'>salsus</span> <span class='ocrx_word' id='word_1_34' title='bbox 1986 543 2059 600; x_wconf 83' lang='lat'>65</span> <span class='ocrx_word' id='word_1_35' title='bbox 2133 579 2141 586; x_wconf 89' lang='lat'><strong>·</strong></span> 
     </span>
     <span class='ocr_line' id='line_1_6' title="bbox 220 624 1702 697; baseline 0 -15"><span class='ocrx_word' id='word_1_36' title='bbox 220 624 430 683; x_wconf 86' lang='lat' dir='ltr'>Ridens</span> <span class='ocrx_word' id='word_1_37' title='bbox 457 624 878 696; x_wconf 81' lang='lat' dir='ltr'>dissimulare3</span> <span class='ocrx_word' id='word_1_38' title='bbox 921 642 1123 681; x_wconf 91' lang='lat' dir='ltr'>meum</span> <span class='ocrx_word' id='word_1_39' title='bbox 1144 626 1317 697; x_wconf 87' lang='lat' dir='ltr'>jecur</span> <span class='ocrx_word' id='word_1_40' title='bbox 1347 641 1518 681; x_wconf 89' lang='lat' dir='ltr'>urere</span> <span class='ocrx_word' id='word_1_41' title='bbox 1552 624 1702 682; x_wconf 80' lang='lat' dir='ltr'>bilis.</span> 
     </span>
    </p>

    <p class='ocr_par' dir='ltr' id='par_1_3' title="bbox 222 704 1568 780">
     <span class='ocr_line' id='line_1_7' title="bbox 222 704 1568 780; baseline -0.002 -17"><span class='ocrx_word' id='word_1_42' title='bbox 222 705 428 763; x_wconf 87' lang='lat' dir='ltr'>“Certe</span> <span class='ocrx_word' id='word_1_43' title='bbox 458 704 659 760; x_wconf 90' lang='lat' dir='ltr'>nescio</span> <span class='ocrx_word' id='word_1_44' title='bbox 691 705 837 780; x_wconf 90' lang='lat' dir='ltr'>quid</span> <span class='ocrx_word' id='word_1_45' title='bbox 868 713 1098 761; x_wconf 88' lang='lat' dir='ltr'>secreto</span> <span class='ocrx_word' id='word_1_46' title='bbox 1132 704 1284 761; x_wconf 87' lang='lat' dir='ltr'>velle</span> <span class='ocrx_word' id='word_1_47' title='bbox 1315 704 1477 778; x_wconf 87' lang='lat' dir='ltr'>loqui</span> <span class='ocrx_word' id='word_1_48' title='bbox 1510 710 1568 760; x_wconf 87' lang='lat' dir='ltr'>te</span> 
     </span>
    </p>

    <p class='ocr_par' dir='ltr' id='par_1_4' title="bbox 221 784 1759 853">
     <span class='ocr_line' id='line_1_8' title="bbox 221 784 1759 853; baseline -0.001 -11"><span class='ocrx_word' id='word_1_49' title='bbox 221 784 424 843; x_wconf 87' lang='lat' dir='ltr'>Aiebas</span> <span class='ocrx_word' id='word_1_50' title='bbox 451 787 746 841; x_wconf 89' lang='lat' dir='ltr'>mecum.’&#39;</span> <span class='ocrx_word' id='word_1_51' title='bbox 832 789 864 814; x_wconf 90' lang='lat'><strong>“</strong></span> <span class='ocrx_word' id='word_1_52' title='bbox 891 784 1147 841; x_wconf 88' lang='lat' dir='ltr'>Memini</span> <span class='ocrx_word' id='word_1_53' title='bbox 1178 785 1347 853; x_wconf 91' lang='lat' dir='ltr'>bene,</span> <span class='ocrx_word' id='word_1_54' title='bbox 1381 784 1486 840; x_wconf 88' lang='lat' dir='ltr'>sed</span> <span class='ocrx_word' id='word_1_55' title='bbox 1516 784 1759 842; x_wconf 85' lang='lat' dir='ltr'>meliore</span> 
     </span>
    </p>

    <p class='ocr_par' dir='ltr' id='par_1_5' title="bbox 222 863 2067 1341">
     <span class='ocr_line' id='line_1_9' title="bbox 222 863 1897 940; baseline 0 -20"><span class='ocrx_word' id='word_1_56' title='bbox 222 864 483 940; x_wconf 85' lang='lat' dir='ltr'>Tempore</span> <span class='ocrx_word' id='word_1_57' title='bbox 514 864 713 921; x_wconf 88' lang='lat' dir='ltr'>dicam</span> <span class='ocrx_word' id='word_1_58' title='bbox 738 884 751 938; x_wconf 81' lang='lat'><em>3</em></span> <span class='ocrx_word' id='word_1_59' title='bbox 797 863 973 921; x_wconf 89' lang='lat' dir='ltr'>hodie</span> <span class='ocrx_word' id='word_1_60' title='bbox 1003 865 1313 921; x_wconf 86' lang='lat' dir='ltr'>tricesima</span> <span class='ocrx_word' id='word_1_61' title='bbox 1341 864 1629 922; x_wconf 84' lang='lat' dir='ltr'>sabbata:</span> <span class='ocrx_word' id='word_1_62' title='bbox 1674 865 1798 921; x_wconf 81' lang='lat' dir='ltr'>vin&#39;</span> <span class='ocrx_word' id='word_1_63' title='bbox 1828 870 1897 921; x_wconf 83' lang='lat' dir='ltr'>tu</span> 
     </span>
     <span class='ocr_line' id='line_1_10' title="bbox 224 942 2067 1020; baseline -0.002 -18"><span class='ocrx_word' id='word_1_64' title='bbox 224 944 402 1002; x_wconf 88' lang='lat' dir='ltr'>Curtis</span> <span class='ocrx_word' id='word_1_65' title='bbox 424 944 463 1001; x_wconf 87' lang='lat' dir='ltr'>J</span> <span class='ocrx_word' id='word_1_66' title='bbox 469 944 677 1001; x_wconf 76' lang='lat' dir='ltr'>uda-eis</span> <span class='ocrx_word' id='word_1_67' title='bbox 708 943 1045 1020; x_wconf 87' lang='lat' dir='ltr'>oppedere?</span> <span class='ocrx_word' id='word_1_68' title='bbox 1071 947 1103 977; x_wconf 87' lang='lat'>&#39;’</span> <span class='ocrx_word' id='word_1_69' title='bbox 1176 950 1208 974; x_wconf 79' lang='lat'>‘⁴</span> <span class='ocrx_word' id='word_1_70' title='bbox 1230 943 1288 1001; x_wconf 83' lang='lat' dir='ltr'>N</span> <span class='ocrx_word' id='word_1_71' title='bbox 1296 944 1418 1001; x_wconf 86' lang='lat' dir='ltr'>ulla</span> <span class='ocrx_word' id='word_1_72' title='bbox 1440 945 1647 1015; x_wconf 82' lang='lat' dir='ltr'>mihi,”</span> <span class='ocrx_word' id='word_1_73' title='bbox 1668 946 1934 1019; x_wconf 85' lang='lat' dir='ltr'>inquam,</span> <span class='ocrx_word' id='word_1_74' title='bbox 1994 942 2067 1002; x_wconf 70' lang='grc' dir='ltr'>ΤΟ</span> 
     </span>
     <span class='ocr_line' id='line_1_11' title="bbox 223 1024 1965 1100; baseline -0.001 -19"><span class='ocrx_word' id='word_1_75' title='bbox 223 1024 495 1099; x_wconf 85' lang='lat' dir='ltr'>“Religio</span> <span class='ocrx_word' id='word_1_76' title='bbox 522 1027 674 1082; x_wconf 88' lang='lat' dir='ltr'>est.&#39;’</span> <span class='ocrx_word' id='word_1_77' title='bbox 761 1031 792 1054; x_wconf 76' lang='lat'>‘⁴</span> <span class='ocrx_word' id='word_1_78' title='bbox 814 1027 904 1081; x_wconf 91' lang='lat' dir='ltr'>At</span> <span class='ocrx_word' id='word_1_79' title='bbox 932 1025 1051 1098; x_wconf 87' lang='lat' dir='ltr'>mi;</span> <span class='ocrx_word' id='word_1_80' title='bbox 1095 1042 1227 1097; x_wconf 83' lang='lat' dir='ltr'>sum</span> <span class='ocrx_word' id='word_1_81' title='bbox 1260 1025 1441 1100; x_wconf 84' lang='lat' dir='ltr'>paulo</span> <span class='ocrx_word' id='word_1_82' title='bbox 1471 1024 1775 1094; x_wconf 87' lang='lat' dir='ltr'>infirmior,</span> <span class='ocrx_word' id='word_1_83' title='bbox 1806 1040 1965 1080; x_wconf 88' lang='lat' dir='ltr'>uuus</span> 
     </span>
     <span class='ocr_line' id='line_1_12' title="bbox 222 1103 2023 1180; baseline -0.001 -19"><span class='ocrx_word' id='word_1_84' title='bbox 222 1104 542 1161; x_wconf 86' lang='lat' dir='ltr'>Multorum.</span> <span class='ocrx_word' id='word_1_85' title='bbox 629 1104 958 1179; x_wconf 87' lang='lat' dir='ltr'>Ignosces;</span> <span class='ocrx_word' id='word_1_86' title='bbox 988 1105 1141 1162; x_wconf 90' lang='lat' dir='ltr'>alias</span> <span class='ocrx_word' id='word_1_87' title='bbox 1172 1105 1441 1180; x_wconf 88' lang='lat' dir='ltr'>loquar.”</span> <span class='ocrx_word' id='word_1_88' title='bbox 1528 1105 1810 1162; x_wconf 88' lang='lat' dir='ltr'>Huncine</span> <span class='ocrx_word' id='word_1_89' title='bbox 1834 1103 2023 1160; x_wconf 91' lang='lat' dir='ltr'>solem</span> 
     </span>
     <span class='ocr_line' id='line_1_13' title="bbox 225 1184 1946 1261; baseline -0.002 -19"><span class='ocrx_word' id='word_1_90' title='bbox 225 1185 357 1242; x_wconf 83' lang='lat' dir='ltr'>Tam</span> <span class='ocrx_word' id='word_1_91' title='bbox 385 1186 615 1259; x_wconf 77' lang='lat' dir='ltr'>nigrum</span> <span class='ocrx_word' id='word_1_92' title='bbox 648 1202 890 1242; x_wconf 84' lang='lat' dir='ltr'>surrexe</span> <span class='ocrx_word' id='word_1_93' title='bbox 922 1184 1106 1243; x_wconf 85' lang='lat' dir='ltr'>mihil</span> <span class='ocrx_word' id='word_1_94' title='bbox 1193 1185 1384 1260; x_wconf 82' lang='lat' dir='ltr'>Fugit</span> <span class='ocrx_word' id='word_1_95' title='bbox 1412 1186 1722 1261; x_wconf 87' lang='lat' dir='ltr'>improbus</span> <span class='ocrx_word' id='word_1_96' title='bbox 1752 1202 1822 1242; x_wconf 92' lang='lat' dir='ltr'>ac</span> <span class='ocrx_word' id='word_1_97' title='bbox 1851 1201 1946 1240; x_wconf 89' lang='lat' dir='ltr'>me</span> 
     </span>
     <span class='ocr_line' id='line_1_14' title="bbox 226 1263 1626 1341; baseline -0.001 -20"><span class='ocrx_word' id='word_1_98' title='bbox 226 1263 333 1322; x_wconf 86' lang='lat' dir='ltr'>Sub</span> <span class='ocrx_word' id='word_1_99' title='bbox 359 1266 544 1322; x_wconf 88' lang='lat' dir='ltr'>cultro</span> <span class='ocrx_word' id='word_1_100' title='bbox 573 1265 810 1341; x_wconf 81' lang='lat' dir='ltr'>linquit.</span> <span class='ocrx_word' id='word_1_101' title='bbox 900 1265 1064 1323; x_wconf 87' lang='lat' dir='ltr'>Casu</span> <span class='ocrx_word' id='word_1_102' title='bbox 1095 1266 1265 1323; x_wconf 85' lang='lat' dir='ltr'>venit</span> <span class='ocrx_word' id='word_1_103' title='bbox 1294 1266 1511 1322; x_wconf 86' lang='lat' dir='ltr'>obvius</span> <span class='ocrx_word' id='word_1_104' title='bbox 1540 1265 1626 1321; x_wconf 89' lang='lat' dir='ltr'>illi</span> 
     </span>
    </p>

    <p class='ocr_par' dir='ltr' id='par_1_6' title="bbox 225 1343 2063 1662">
     <span class='ocr_line' id='line_1_15' title="bbox 225 1343 2063 1420; baseline 0 -17"><span class='ocrx_word' id='word_1_105' title='bbox 225 1344 619 1416; x_wconf 87' lang='lat' dir='ltr'>Adversarius,</span> <span class='ocrx_word' id='word_1_106' title='bbox 651 1352 715 1402; x_wconf 91' lang='lat' dir='ltr'>et</span> <span class='ocrx_word' id='word_1_107' title='bbox 746 1351 779 1374; x_wconf 88' lang='lat'><strong>“</strong></span> <span class='ocrx_word' id='word_1_108' title='bbox 802 1345 936 1419; x_wconf 80' lang='lat' dir='ltr'>Quo</span> <span class='ocrx_word' id='word_1_109' title='bbox 967 1353 1035 1403; x_wconf 89' lang='lat' dir='ltr'>tu</span> <span class='ocrx_word' id='word_1_110' title='bbox 1065 1343 1463 1420; x_wconf 81' lang='lat' dir='ltr'>turpissime?</span> <span class='ocrx_word' id='word_1_111' title='bbox 1491 1348 1523 1378; x_wconf 88' lang='lat'>&#39;⁷</span> <span class='ocrx_word' id='word_1_112' title='bbox 1567 1363 1792 1420; x_wconf 84' lang='lat' dir='ltr'>magna</span> <span class='ocrx_word' id='word_1_113' title='bbox 1990 1347 2063 1406; x_wconf 75' lang='lat'>75</span> 
     </span>
     <span class='ocr_line' id='line_1_16' title="bbox 226 1424 1878 1499; baseline -0.001 -18"><span class='ocrx_word' id='word_1_114' title='bbox 226 1424 500 1483; x_wconf 88' lang='lat' dir='ltr'>Inclamat</span> <span class='ocrx_word' id='word_1_115' title='bbox 528 1444 692 1496; x_wconf 86' lang='lat' dir='ltr'>voce,</span> <span class='ocrx_word' id='word_1_116' title='bbox 726 1432 789 1483; x_wconf 89' lang='lat' dir='ltr'>et</span> <span class='ocrx_word' id='word_1_117' title='bbox 821 1432 853 1456; x_wconf 81' lang='lat'>‘⁴</span> <span class='ocrx_word' id='word_1_118' title='bbox 879 1425 1055 1484; x_wconf 87' lang='lat' dir='ltr'>Licet</span> <span class='ocrx_word' id='word_1_119' title='bbox 1085 1426 1378 1483; x_wconf 85' lang='lat' dir='ltr'>antestari</span> <span class='ocrx_word' id='word_1_120' title='bbox 1403 1424 1427 1484; x_wconf 85' lang='lat'>?</span> <span class='ocrx_word' id='word_1_121' title='bbox 1452 1427 1486 1458; x_wconf 86' lang='lat'>’&#39;</span> <span class='ocrx_word' id='word_1_122' title='bbox 1568 1425 1704 1499; x_wconf 81' lang='lat' dir='ltr'>Ego</span> <span class='ocrx_word' id='word_1_123' title='bbox 1735 1441 1878 1481; x_wconf 83' lang='lat' dir='ltr'>vero</span> 
     </span>
     <span class='ocr_line' id='line_1_17' title="bbox 226 1505 1975 1581; baseline -0.002 -18"><span class='ocrx_word' id='word_1_124' title='bbox 226 1506 454 1580; x_wconf 87' lang='lat' dir='ltr'>Oppono</span> <span class='ocrx_word' id='word_1_125' title='bbox 482 1507 830 1564; x_wconf 83' lang='lat' dir='ltr'>auriculam.</span> <span class='ocrx_word' id='word_1_126' title='bbox 918 1506 1109 1581; x_wconf 86' lang='lat' dir='ltr'>Rapit</span> <span class='ocrx_word' id='word_1_127' title='bbox 1139 1507 1201 1563; x_wconf 93' lang='lat' dir='ltr'>in</span> <span class='ocrx_word' id='word_1_128' title='bbox 1222 1507 1360 1580; x_wconf 89' lang='lat' dir='ltr'>jus;</span> <span class='ocrx_word' id='word_1_129' title='bbox 1404 1506 1629 1563; x_wconf 89' lang='lat' dir='ltr'>clamor</span> <span class='ocrx_word' id='word_1_130' title='bbox 1659 1505 1975 1579; x_wconf 86' lang='lat' dir='ltr'>utrimque,</span> 
     </span>
     <span class='ocr_line' id='line_1_18' title="bbox 228 1584 1727 1662; baseline 0 -20"><span class='ocrx_word' id='word_1_131' title='bbox 228 1584 477 1662; x_wconf 88' lang='lat' dir='ltr'>Undique</span> <span class='ocrx_word' id='word_1_132' title='bbox 506 1603 852 1644; x_wconf 84' lang='lat' dir='ltr'>concursus.</span> <span class='ocrx_word' id='word_1_133' title='bbox 935 1586 1033 1644; x_wconf 82' lang='lat' dir='ltr'>Sic</span> <span class='ocrx_word' id='word_1_134' title='bbox 1060 1604 1157 1643; x_wconf 90' lang='lat' dir='ltr'>me</span> <span class='ocrx_word' id='word_1_135' title='bbox 1189 1586 1460 1644; x_wconf 87' lang='lat' dir='ltr'>servavit</span> <span class='ocrx_word' id='word_1_136' title='bbox 1488 1584 1727 1659; x_wconf 78' lang='lat' dir='ltr'>Apollo,</span> 
     </span>
    </p>
   </div>
   <div class='ocr_carea' id='block_1_3' title="bbox 1083 1793 1165 1851">
    <p class='ocr_par' dir='ltr' id='par_1_7' title="bbox 1083 1793 1165 1851">
     <span class='ocr_line' id='line_1_19' title="bbox 1083 1793 1165 1851; baseline 0 0"><span class='ocrx_word' id='word_1_137' title='bbox 1083 1793 1165 1851; x_wconf 90' lang='lat' dir='ltr'>X.</span> 
     </span>
    </p>
   </div>
   <div class='ocr_carea' id='block_1_4' title="bbox 360 1914 2049 2440">
    <p class='ocr_par' dir='ltr' id='par_1_8' title="bbox 360 1914 2049 2440">
     <span class='ocr_line' id='line_1_20' title="bbox 424 1914 1501 1978; baseline -0.001 -16"><span class='ocrx_word' id='word_1_138' title='bbox 424 1915 591 1973; x_wconf 80' lang='lat' dir='ltr'>Lucili,</span> <span class='ocrx_word' id='word_1_139' title='bbox 624 1930 767 1978; x_wconf 82' lang='lat' dir='ltr'>quam</span> <span class='ocrx_word' id='word_1_140' title='bbox 790 1917 855 1962; x_wconf 70' lang='lat' dir='ltr'>eis</span> <span class='ocrx_word' id='word_1_141' title='bbox 878 1915 1140 1973; x_wconf 69' lang='lat' dir='ltr'>mendosus,</span> <span class='ocrx_word' id='word_1_142' title='bbox 1172 1921 1281 1961; x_wconf 75' lang='lat' dir='ltr'>teste</span> <span class='ocrx_word' id='word_1_143' title='bbox 1311 1914 1501 1970; x_wconf 75' lang='lat' dir='ltr'>Catone,</span> 
     </span>
     <span class='ocr_line' id='line_1_21' title="bbox 365 1979 1483 2044; baseline -0.002 -16"><span class='ocrx_word' id='word_1_144' title='bbox 365 1979 618 2040; x_wconf 61' lang='lat' dir='ltr'>Defensor-e</span> <span class='ocrx_word' id='word_1_145' title='bbox 643 1989 739 2041; x_wconf 81' lang='lat' dir='ltr'>tuo,</span> <span class='ocrx_word' id='word_1_146' title='bbox 757 1983 1049 2044; x_wconf 68' lang='lat' dir='ltr'>pervincum,</span> <span class='ocrx_word' id='word_1_147' title='bbox 1081 1982 1165 2042; x_wconf 81' lang='lat' dir='ltr'>qui</span> <span class='ocrx_word' id='word_1_148' title='bbox 1184 1982 1483 2040; x_wconf 67' lang='lat' dir='ltr'>malefacto-5</span> 
     </span>
     <span class='ocr_line' id='line_1_22' title="bbox 362 2046 1411 2109; baseline 0.002 -17"><span class='ocrx_word' id='word_1_149' title='bbox 362 2046 617 2094; x_wconf 80' lang='lat' dir='ltr'>Emendare</span> <span class='ocrx_word' id='word_1_150' title='bbox 629 2056 782 2109; x_wconf 80' lang='lat' dir='ltr'>parat</span> <span class='ocrx_word' id='word_1_151' title='bbox 807 2063 966 2094; x_wconf 71' lang='lat' dir='ltr'>versus</span> <span class='ocrx_word' id='word_1_152' title='bbox 978 2063 998 2103; x_wconf 92' lang='lat'>,·</span> <span class='ocrx_word' id='word_1_153' title='bbox 1037 2046 1123 2093; x_wconf 78' lang='lat' dir='ltr'>hoc</span> <span class='ocrx_word' id='word_1_154' title='bbox 1146 2047 1295 2093; x_wconf 69' lang='lat' dir='ltr'>lenius</span> <span class='ocrx_word' id='word_1_155' title='bbox 1321 2047 1411 2103; x_wconf 77' lang='lat' dir='ltr'>ille,</span> 
     </span>
     <span class='ocr_line' id='line_1_23' title="bbox 361 2111 1398 2175; baseline 0.001 -15"><span class='ocrx_word' id='word_1_156' title='bbox 361 2111 447 2160; x_wconf 72' lang='lat' dir='ltr'>Est</span> <span class='ocrx_word' id='word_1_157' title='bbox 481 2128 571 2175; x_wconf 82' lang='lat' dir='ltr'>quo</span> <span class='ocrx_word' id='word_1_158' title='bbox 595 2116 671 2159; x_wconf 84' lang='lat' dir='ltr'>vir</span> <span class='ocrx_word' id='word_1_159' title='bbox 692 2114 871 2171; x_wconf 80' lang='lat' dir='ltr'>melior,</span> <span class='ocrx_word' id='word_1_160' title='bbox 902 2113 1035 2173; x_wconf 68' lang='lat' dir='ltr'>lonye</span> <span class='ocrx_word' id='word_1_161' title='bbox 1058 2113 1276 2159; x_wconf 75' lang='lat' dir='ltr'>subtilior</span> <span class='ocrx_word' id='word_1_162' title='bbox 1299 2114 1398 2162; x_wconf 75' lang='lat' dir='ltr'><em>illo.</em></span> 
     </span>
     <span class='ocr_line' id='line_1_24' title="bbox 367 2178 2049 2241; baseline -0.001 -15"><span class='ocrx_word' id='word_1_163' title='bbox 367 2178 460 2238; x_wconf 79' lang='lat' dir='ltr'>Qui</span> <span class='ocrx_word' id='word_1_164' title='bbox 479 2180 681 2226; x_wconf 77' lang='lat' dir='ltr'>mullum</span> <span class='ocrx_word' id='word_1_165' title='bbox 693 2195 820 2241; x_wconf 83' lang='lat' dir='ltr'>puer</span> <span class='ocrx_word' id='word_1_166' title='bbox 842 2187 884 2226; x_wconf 73' lang='lat' dir='ltr'>et</span> <span class='ocrx_word' id='word_1_167' title='bbox 908 2179 1023 2225; x_wconf 65' lang='lat' dir='ltr'>lori-3</span> <span class='ocrx_word' id='word_1_168' title='bbox 1047 2186 1088 2227; x_wconf 81' lang='lat' dir='ltr'>et</span> <span class='ocrx_word' id='word_1_169' title='bbox 1100 2179 1303 2239; x_wconf 67' lang='lat' dir='ltr'>semibus</span> <span class='ocrx_word' id='word_1_170' title='bbox 1326 2178 1434 2225; x_wconf 74' lang='lat' dir='ltr'>udis</span> <span class='ocrx_word' id='word_1_171' title='bbox 2015 2180 2049 2235; x_wconf 86' lang='lat'>5</span> 
     </span>
     <span class='ocr_line' id='line_1_25' title="bbox 360 2245 1407 2307; baseline -0.001 -15"><span class='ocrx_word' id='word_1_172' title='bbox 360 2245 611 2302; x_wconf 68' lang='grc' dir='ltr'><strong><em>Ετοναίῑιε,</em></strong></span> <span class='ocrx_word' id='word_1_173' title='bbox 639 2253 693 2292; x_wconf 79' lang='lat' dir='ltr'>ut</span> <span class='ocrx_word' id='word_1_174' title='bbox 717 2252 833 2293; x_wconf 73' lang='lat' dir='ltr'>esset</span> <span class='ocrx_word' id='word_1_175' title='bbox 857 2260 987 2306; x_wconf 79' lang='lat' dir='ltr'>opem</span> <span class='ocrx_word' id='word_1_176' title='bbox 1012 2247 1238 2307; x_wconf 80' lang='lat' dir='ltr'>quiferre</span> <span class='ocrx_word' id='word_1_177' title='bbox 1251 2247 1407 2306; x_wconf 72' lang='lat' dir='ltr'>poetis</span> 
     </span>
     <span class='ocr_line' id='line_1_26' title="bbox 362 2311 1371 2374; baseline -0.001 -16"><span class='ocrx_word' id='word_1_178' title='bbox 362 2311 581 2374; x_wconf 73' lang='lat' dir='ltr'>Antiquis</span> <span class='ocrx_word' id='word_1_179' title='bbox 595 2319 760 2373; x_wconf 73' lang='lat' dir='ltr'>posset</span> <span class='ocrx_word' id='word_1_180' title='bbox 783 2320 948 2358; x_wconf 79' lang='lat' dir='ltr'>contra</span> <span class='ocrx_word' id='word_1_181' title='bbox 960 2312 1170 2371; x_wconf 71' lang='lat' dir='ltr'>fastidia</span> <span class='ocrx_word' id='word_1_182' title='bbox 1193 2319 1371 2367; x_wconf 70' lang='lat' dir='ltr'>nostra,</span> 
     </span>
     <span class='ocr_line' id='line_1_27' title="bbox 365 2375 1871 2440; baseline -0.001 -15"><span class='ocrx_word' id='word_1_183' title='bbox 365 2375 787 2426; x_wconf 78' lang='lat' dir='ltr'>Grammaticorum</span> <span class='ocrx_word' id='word_1_184' title='bbox 810 2380 1016 2440; x_wconf 79' lang='lat' dir='ltr'>equitum</span> <span class='ocrx_word' id='word_1_185' title='bbox 1039 2378 1344 2426; x_wconf 70' lang='lat' dir='ltr'>doctissimus.</span> <span class='ocrx_word' id='word_1_186' title='bbox 1430 2378 1494 2427; x_wconf 75' lang='lat' dir='ltr'>Ut</span> <span class='ocrx_word' id='word_1_187' title='bbox 1516 2378 1700 2425; x_wconf 82' lang='lat' dir='ltr'>redeam</span> <span class='ocrx_word' id='word_1_188' title='bbox 1722 2379 1840 2425; x_wconf 81' lang='lat' dir='ltr'>illuc</span> <span class='ocrx_word' id='word_1_189' title='bbox 1853 2394 1871 2424; x_wconf 81' lang='lat'>.-</span> 
     </span>
    </p>
   </div>
   <div class='ocr_carea' id='block_1_5' title="bbox 215 2531 2048 3248">
    <p class='ocr_par' dir='ltr' id='par_1_9' title="bbox 215 2531 1692 2608">
     <span class='ocr_line' id='line_1_28' title="bbox 215 2531 1692 2608; baseline 0 -19"><span class='ocrx_word' id='word_1_190' title='bbox 215 2531 422 2607; x_wconf 87' lang='lat' dir='ltr'>Nempe</span> <span class='ocrx_word' id='word_1_191' title='bbox 450 2532 849 2608; x_wconf 89' lang='lat' dir='ltr'>incomposito</span> <span class='ocrx_word' id='word_1_192' title='bbox 879 2532 1005 2591; x_wconf 82' lang='lat' dir='ltr'>dixi</span> <span class='ocrx_word' id='word_1_193' title='bbox 1033 2534 1185 2607; x_wconf 87' lang='lat' dir='ltr'>pede</span> <span class='ocrx_word' id='word_1_194' title='bbox 1216 2550 1448 2591; x_wconf 90' lang='lat' dir='ltr'>currere</span> <span class='ocrx_word' id='word_1_195' title='bbox 1479 2550 1692 2590; x_wconf 86' lang='lat' dir='ltr'>versus</span> 
     </span>
    </p>

    <p class='ocr_par' dir='ltr' id='par_1_10' title="bbox 217 2609 1614 2688">
     <span class='ocr_line' id='line_1_29' title="bbox 217 2609 1614 2688; baseline 0.002 -21"><span class='ocrx_word' id='word_1_196' title='bbox 217 2609 403 2670; x_wconf 85' lang='lat' dir='ltr'>Lucili.</span> <span class='ocrx_word' id='word_1_197' title='bbox 489 2615 641 2686; x_wconf 78' lang='lat' dir='ltr'>Quis</span> <span class='ocrx_word' id='word_1_198' title='bbox 670 2620 797 2671; x_wconf 88' lang='lat' dir='ltr'>tam</span> <span class='ocrx_word' id='word_1_199' title='bbox 829 2613 1026 2671; x_wconf 88' lang='lat' dir='ltr'>Lucili</span> <span class='ocrx_word' id='word_1_200' title='bbox 1057 2614 1257 2671; x_wconf 83' lang='lat' dir='ltr'>fautor</span> <span class='ocrx_word' id='word_1_201' title='bbox 1285 2615 1488 2688; x_wconf 90' lang='lat' dir='ltr'>inepte</span> <span class='ocrx_word' id='word_1_202' title='bbox 1520 2619 1614 2670; x_wconf 91' lang='lat' dir='ltr'>est</span> 
     </span>
    </p>

    <p class='ocr_par' dir='ltr' id='par_1_11' title="bbox 216 2689 1860 2769">
     <span class='ocr_line' id='line_1_30' title="bbox 216 2689 1860 2769; baseline 0.002 -23"><span class='ocrx_word' id='word_1_203' title='bbox 216 2689 290 2747; x_wconf 83' lang='lat' dir='ltr'>Ut</span> <span class='ocrx_word' id='word_1_204' title='bbox 315 2710 427 2749; x_wconf 92' lang='lat' dir='ltr'>non</span> <span class='ocrx_word' id='word_1_205' title='bbox 456 2693 566 2751; x_wconf 90' lang='lat' dir='ltr'>hoc</span> <span class='ocrx_word' id='word_1_206' title='bbox 596 2692 903 2751; x_wconf 85' lang='lat' dir='ltr'>fateatur?</span> <span class='ocrx_word' id='word_1_207' title='bbox 990 2693 1079 2750; x_wconf 89' lang='lat' dir='ltr'>At</span> <span class='ocrx_word' id='word_1_208' title='bbox 1108 2694 1286 2764; x_wconf 91' lang='lat' dir='ltr'>idem,</span> <span class='ocrx_word' id='word_1_209' title='bbox 1320 2693 1481 2769; x_wconf 91' lang='lat' dir='ltr'>quod</span> <span class='ocrx_word' id='word_1_210' title='bbox 1511 2693 1637 2750; x_wconf 86' lang='lat' dir='ltr'>sale</span> <span class='ocrx_word' id='word_1_211' title='bbox 1667 2693 1860 2750; x_wconf 91' lang='lat' dir='ltr'>multo</span> 
     </span>
    </p>

    <p class='ocr_par' dir='ltr' id='par_1_12' title="bbox 218 2769 1552 2845">
     <span class='ocr_line' id='line_1_31' title="bbox 218 2769 1552 2845; baseline 0.003 -19"><span class='ocrx_word' id='word_1_212' title='bbox 218 2769 417 2829; x_wconf 87' lang='lat' dir='ltr'>Urbem</span> <span class='ocrx_word' id='word_1_213' title='bbox 444 2773 737 2845; x_wconf 84' lang='lat' dir='ltr'>defricuit,</span> <span class='ocrx_word' id='word_1_214' title='bbox 772 2773 982 2831; x_wconf 86' lang='lat' dir='ltr'>charta</span> <span class='ocrx_word' id='word_1_215' title='bbox 1011 2774 1297 2830; x_wconf 89' lang='lat' dir='ltr'>laudatur</span> <span class='ocrx_word' id='word_1_216' title='bbox 1325 2774 1552 2831; x_wconf 90' lang='lat' dir='ltr'>eadem.</span> 
     </span>
    </p>

    <p class='ocr_par' dir='ltr' id='par_1_13' title="bbox 217 2848 2048 2992">
     <span class='ocr_line' id='line_1_32' title="bbox 217 2848 2048 2928; baseline 0.003 -23"><span class='ocrx_word' id='word_1_217' title='bbox 217 2848 323 2907; x_wconf 86' lang='lat' dir='ltr'>Nec</span> <span class='ocrx_word' id='word_1_218' title='bbox 348 2858 561 2923; x_wconf 85' lang='lat' dir='ltr'>tamen,</span> <span class='ocrx_word' id='word_1_219' title='bbox 595 2853 710 2910; x_wconf 79' lang='lat' dir='ltr'>hoc·</span> <span class='ocrx_word' id='word_1_220' title='bbox 739 2853 1030 2924; x_wconf 88' lang='lat' dir='ltr'>tribuens,</span> <span class='ocrx_word' id='word_1_221' title='bbox 1064 2854 1330 2911; x_wconf 89' lang='lat' dir='ltr'>dederim</span> <span class='ocrx_word' id='word_1_222' title='bbox 1364 2871 1603 2928; x_wconf 90' lang='lat' dir='ltr'>quoque</span> <span class='ocrx_word' id='word_1_223' title='bbox 1633 2859 1869 2925; x_wconf 81' lang='lat' dir='ltr'>cetera3</span> <span class='ocrx_word' id='word_1_224' title='bbox 1909 2871 2048 2910; x_wconf 87' lang='lat' dir='ltr'>nam</span> 
     </span>
     <span class='ocr_line' id='line_1_33' title="bbox 427 2949 2045 2992; baseline 0.002 -4"><span class='ocrx_word' id='word_1_225' title='bbox 427 2949 510 2990; x_wconf 79' lang='lat' dir='ltr'>sic</span> <span class='ocrx_word' id='word_1_226' title='bbox 2014 2958 2045 2992; x_wconf 69' lang='grc' dir='ltr'>ι)</span> 
     </span>
    </p>

    <p class='ocr_par' dir='ltr' id='par_1_14' title="bbox 219 3006 1683 3089">
     <span class='ocr_line' id='line_1_34' title="bbox 219 3006 1683 3089; baseline 0.003 -25"><span class='ocrx_word' id='word_1_227' title='bbox 219 3006 287 3065; x_wconf 85' lang='lat' dir='ltr'>Et</span> <span class='ocrx_word' id='word_1_228' title='bbox 313 3008 520 3069; x_wconf 89' lang='lat' dir='ltr'>Laberi</span> <span class='ocrx_word' id='word_1_229' title='bbox 551 3013 770 3070; x_wconf 88' lang='lat' dir='ltr'>mimos</span> <span class='ocrx_word' id='word_1_230' title='bbox 800 3020 869 3070; x_wconf 91' lang='lat' dir='ltr'>ut</span> <span class='ocrx_word' id='word_1_231' title='bbox 896 3014 1148 3089; x_wconf 88' lang='lat' dir='ltr'>pulchra</span> <span class='ocrx_word' id='word_1_232' title='bbox 1175 3017 1459 3089; x_wconf 68' lang='lat' dir='ltr'>poemata</span> <span class='ocrx_word' id='word_1_233' title='bbox 1488 3013 1683 3069; x_wconf 88' lang='lat' dir='ltr'>mirer.</span> 
     </span>
    </p>

    <p class='ocr_par' dir='ltr' id='par_1_15' title="bbox 217 3086 1518 3169">
     <span class='ocr_line' id='line_1_35' title="bbox 217 3086 1518 3169; baseline 0.001 -22"><span class='ocrx_word' id='word_1_234' title='bbox 217 3086 358 3163; x_wconf 84' lang='lat' dir='ltr'>Ergo</span> <span class='ocrx_word' id='word_1_235' title='bbox 384 3109 499 3150; x_wconf 89' lang='lat' dir='ltr'>non</span> <span class='ocrx_word' id='word_1_236' title='bbox 529 3094 681 3169; x_wconf 83' lang='lat' dir='ltr'>satis</span> <span class='ocrx_word' id='word_1_237' title='bbox 710 3100 804 3150; x_wconf 90' lang='lat' dir='ltr'>est</span> <span class='ocrx_word' id='word_1_238' title='bbox 832 3094 959 3151; x_wconf 90' lang='lat' dir='ltr'>risu</span> <span class='ocrx_word' id='word_1_239' title='bbox 989 3094 1271 3151; x_wconf 87' lang='lat' dir='ltr'>diducere</span> <span class='ocrx_word' id='word_1_240' title='bbox 1301 3094 1518 3149; x_wconf 73' lang='lat' dir='ltr'>rictum</span> 
     </span>
    </p>

    <p class='ocr_par' dir='ltr' id='par_1_16' title="bbox 218 3167 2041 3248">
     <span class='ocr_line' id='line_1_36' title="bbox 218 3167 2041 3248; baseline 0.003 -25"><span class='ocrx_word' id='word_1_241' title='bbox 218 3167 539 3246; x_wconf 83' lang='lat' dir='ltr'>Auditoris3</span> <span class='ocrx_word' id='word_1_242' title='bbox 581 3173 672 3248; x_wconf 91' lang='lat' dir='ltr'>(et</span> <span class='ocrx_word' id='word_1_243' title='bbox 700 3179 795 3230; x_wconf 86' lang='lat' dir='ltr'>est</span> <span class='ocrx_word' id='word_1_244' title='bbox 824 3175 1120 3248; x_wconf 83' lang='lat' dir='ltr'>quaedam</span> <span class='ocrx_word' id='word_1_245' title='bbox 1151 3180 1358 3230; x_wconf 89' lang='lat' dir='ltr'>tamen</span> <span class='ocrx_word' id='word_1_246' title='bbox 1386 3172 1486 3230; x_wconf 87' lang='lat' dir='ltr'>hic</span> <span class='ocrx_word' id='word_1_247' title='bbox 1515 3190 1751 3248; x_wconf 90' lang='lat' dir='ltr'>quoque</span> <span class='ocrx_word' id='word_1_248' title='bbox 1777 3173 1972 3228; x_wconf 86' lang='lat' dir='ltr'>virtus</span> <span class='ocrx_word' id='word_1_249' title='bbox 1995 3170 2041 3245; x_wconf 79' lang='lat'>3)</span> 
     </span>
    </p>
   </div>
   <div class='ocr_carea' id='block_1_6' title="bbox 399 3320 1814 3437">
    <p class='ocr_par' dir='ltr' id='par_1_17' title="bbox 399 3320 1814 3437">
     <span class='ocr_line' id='line_1_37' title="bbox 399 3320 1814 3381; baseline -0.004 -17"><span class='ocrx_word' id='word_1_250' title='bbox 399 3321 454 3364; x_wconf 83' lang='lat'>64</span> <span class='ocrx_word' id='word_1_251' title='bbox 473 3335 691 3381; x_wconf 83' lang='lat' dir='ltr'>pressare</span> <span class='ocrx_word' id='word_1_252' title='bbox 938 3320 994 3367; x_wconf 79' lang='lat'>&#39;72</span> <span class='ocrx_word' id='word_1_253' title='bbox 1016 3321 1252 3366; x_wconf 86' lang='lat' dir='ltr'>hunccine</span> <span class='ocrx_word' id='word_1_254' title='bbox 1497 3320 1553 3365; x_wconf 81' lang='lat'>&#39;76</span> <span class='ocrx_word' id='word_1_255' title='bbox 1576 3321 1814 3363; x_wconf 81' lang='lat' dir='ltr'>exclamat</span> 
     </span>
     <span class='ocr_line' id='line_1_38' title="bbox 527 3379 1685 3437; baseline -0.004 -12"><span class='ocrx_word' id='word_1_256' title='bbox 527 3382 553 3425; x_wconf 88' lang='grc'>6</span> <span class='ocrx_word' id='word_1_257' title='bbox 575 3381 875 3436; x_wconf 78' lang='lat' dir='ltr'>exhortatus,</span> <span class='ocrx_word' id='word_1_258' title='bbox 897 3382 1168 3426; x_wconf 78' lang='lat' dir='ltr'>excoriatus</span> <span class='ocrx_word' id='word_1_259' title='bbox 1192 3397 1215 3424; x_wconf 83' lang='lat' dir='ltr'>e</span> <span class='ocrx_word' id='word_1_260' title='bbox 1238 3382 1357 3425; x_wconf 75' lang='lat' dir='ltr'>coni.</span> <span class='ocrx_word' id='word_1_261' title='bbox 1482 3381 1509 3422; x_wconf 88' lang='grc'>2</span> <span class='ocrx_word' id='word_1_262' title='bbox 1533 3379 1685 3437; x_wconf 89' lang='lat' dir='ltr'>inepti</span> 
     </span>
    </p>
   </div>
  </div>
 </body>
</html>
