2367 3784
953 190 1101 238 ms.
1149 189 1265 236 111.
1312 176 1396 237 27

477 345 578 405 Sic
606 353 669 403 et
701 347 942 423 Europe
974 348 1221 404 niveum
1251 348 1462 405 doloso

481 425 757 485 Credidit
786 434 962 484 tauro
992 427 1174 495 latuS,
1207 435 1270 485 et
1301 433 1637 486 scatentem

477 507 688 564 Beluis
717 513 970 582 pontum
1002 507 1354 583 mediasque
1385 508 1628 567 fraudes

721 587 954 644 Palluit
999 588 1214 644 audax.

479 665 692 741 Nuper
719 668 782 723 in
813 668 1009 742 pratis
1042 668 1318 725 studiosa
1350 667 1560 725 florum
1590 673 1654 726 et

481 746 739 804 Debitae
772 747 1084 822 Nymphis
1116 748 1320 822 opifex
1351 766 1625 818 coronae,

482 822 680 884 Nocte
714 828 1004 885 sublustri
1036 828 1187 886 nihil
1220 835 1388 885 astra
1417 830 1655 904 praeter

723 907 899 964 Vidit
941 916 1003 965 et
1046 910 1259 967 undas„

487 986 662 1060 Quae
693 988 870 1044 simul
905 995 1148 1046 centum
1179 989 1389 1063 tetigit
1418 994 1727 1063 potentem

486 1064 745 1143 Oppidis
781 1069 1021 1131 Creten,
1058 1076 1090 1098 ‘⁴
1120 1070 1324 1139 Pater,
1357 1087 1392 1126 o
1421 1069 1694 1126 relictum
1738 1122 1751 1131 .

488 1146 682 1205 Filiae
714 1167 949 1219 nomen,
983 1150 1359 1225 pietasque,’'
1390 1149 1564 1219 dixit,

728 1229 959 1286 “Victa
1001 1228 1233 1287 surore!

489 1307 688 1378 Unde,
721 1326 856 1384 quo,
890 1308 1074 1366 veni?
1161 1309 1349 1366 Levis
1379 1327 1501 1366 una
1529 1326 1693 1366 mors
1722 1314 1819 1368 est

487 1387 817 1462 Virginum
848 1389 1076 1463 culpae.
1165 1389 1531 1463 Vigilansne
1561 1389 1730 1464 ploro

490 1465 690 1543 Turpe
720 1470 1129 1537 commissum,
1164 1488 1241 1526 an
1273 1470 1446 1527 vitiis
1476 1476 1781 1527 carentem

729 1549 919 1605 Ludit
962 1549 1167 1621 imago

490 1625 688 1695 Vana,
720 1647 875 1704 quae
905 1628 1081 1703 porta
1109 1628 1352 1703 fugiens
1381 1629 1612 1686 eburna

493 1704 805 1764 Somnium
837 1709 1037 1766 ducit.
1023 1707 1047 1751 ⁴?
1136 1709 1439 1766 Meliusne
1470 1707 1688 1766 fluctus

494 1786 590 1844 Ire
621 1805 727 1864 per
758 1788 973 1863 longos
1004 1788 1133 1859 fuit,
1169 1808 1248 1846 an
1279 1795 1551 1845 recentes

733 1868 990 1944 Carpere
1035 1869 1244 1926 fioreS.
1230 1867 1254 1911 ⁸?

496 1947 562 2006 Si
593 1948 729 2022 quis
761 1949 1043 2007 infamem
1078 1949 1228 2006 mihi
1259 1967 1418 2006 nunc
1448 1921 1776 2024 juvencum

495 2027 700 2086 Dedat
729 2029 937 2098 iratae,
971 2030 1235 2087 lacerare
1266 2030 1421 2087 ferro
1450 2036 1511 2085 ct

497 2107 805 2184 Frangere
836 2109 1033 2167 enitar
1061 2111 1243 2166 modo
1274 2109 1530 2166 multum
1562 2108 1750 2166 amati

736 2188 980 2247 Cornua
1025 2189 1297 2247 monstri.

495 2267 824 2344 Impudens
854 2270 1002 2345 liqui
1032 2270 1263 2343 patrios
1294 2268 1576 2337 PenateS,

497 2347 828 2423 Impudens
861 2349 1085 2407 Orcum
1117 2367 1333 2407 moror.
1423 2348 1475 2407 Ο
1508 2349 1756 2406 deorum

496 2426 560 2485 Si
590 2429 726 2505 quis
758 2428 905 2486 haec
937 2429 1129 2498 audiS,
1162 2430 1398 2486 utinam
1428 2429 1586 2487 inter
1615 2446 1806 2485 errem

735 2509 920 2567 Nuda
961 2508 1199 2567 leones!

497 2587 845 2664 Antequam
875 2590 1071 2665 turpis
1101 2589 1325 2647 macies
1355 2589 1638 2648 decentes

497 2665 768 2744 Occupet
795 2669 1007 2737 malae,
1041 2675 1404 2745 teneraeque
1436 2686 1617 2726 sucus

397 2779 402 2785 ·
498 2746 743 2806 Defluat
773 2750 1047 2824 praedae,
1082 2750 1356 2824 speciosa
1383 2766 1605 2826 quaero

743 2829 998 2887 Pascere
1043 2831 1247 2904 tigres

501 2906 690 2965 ‘Vilis
721 2909 1001 2985 Europe,'
1029 2918 1202 2983 pater
1230 2914 1408 2984 urget
1439 2909 1676 2978 absens,

499 2993 511 3016 ⁴
534 2987 695 3060 Quid
726 2992 875 3046 mori
908 2987 1160 3047 cessas?
1250 2991 1436 3046 Potes
1468 2988 1580 3047 hac
1610 2989 1686 3046 ab
1715 3004 1863 3047 orno

500 3065 839 3125 Pendulum
870 3067 1028 3127 zona
1049 3070 1203 3127 bene
1232 3075 1294 3127 te
1325 3076 1533 3128 secuta

734 3148 1002 3206 Laedere
1047 3150 1284 3207 collum.

499 3224 637 3284 Sive
665 3233 727 3286 te
757 3245 938 3304 rupes
967 3234 1028 3285 et
1058 3235 1235 3286 acuta
1262 3230 1386 3287 leto

520 3409 577 3455 27
600 3410 774 3457 belluis
898 3410 955 3451 48
978 3409 1105 3453 tauri
1234 3411 1290 3451 54
1313 3420 1480 3452 saecu·
1605 3406 1661 3454 60
1683 3405 1860 3449 elidere

2017 175 2099 236 89

2031 355 2106 413 25

2032 756 2109 813 30

2034 1155 2110 1211 35

2038 1553 2114 1609 40

2038 1953 2113 2010 45

2040 2354 2116 2411 50

2044 2754 2117 2810 55

2047 3159 2120 3215 60
