2367 3784
286 124 367 184 92

843 135 1130 182 HORA'I'I
1182 134 1596 182 CARMINVM

608 294 765 354 Cum
796 313 942 369 pace
974 292 1314 350 delabentis
1347 292 1674 351 Etruscum

690 375 761 431 In
794 392 975 443 mare,
1010 391 1168 429 nunc
1202 372 1436 448 lapides
1467 374 1684 430 adesos

532 455 884 529 Stirpesque
917 462 1123 528 raptas
1155 460 1217 509 et
1248 471 1433 528 pecus
1461 460 1523 510 et
1552 454 1766 511 domos

530 535 856 592 Volventis
887 552 1022 599 una,
1059 550 1180 589 non
1215 534 1342 589 sine
1374 534 1670 590 montium

614 615 889 672 Clamore
935 614 1291 687 vicinaeque
1337 614 1542 683 silvae,

689 694 845 752 Cum
887 694 1012 750 fera
1057 693 1318 750 diluvies
1363 694 1604 769 quietos

528 775 741 835 Irritat
770 792 992 831 amnes
1085 773 1197 830 Ille
1229 781 1446 849 potens
1477 775 1570 831 sui

529 856 875 928 Laetusque
907 854 1105 927 deget,
1143 855 1240 911 cui
1271 854 1411 911 licet
1442 854 1503 911 in
1533 855 1694 912 diem

610 933 852 991 Dixisse
898 940 929 963 “
958 934 1139 990 Vixi:
1186 951 1320 990 cras
1365 935 1458 991 ve]
1505 941 1637 992 atra

687 1013 864 1070 Nube
894 1014 1100 1089 polum
1135 1014 1318 1070 Pater
1347 1022 1658 1088 occupatO,

527 1093 643 1150 Vel
674 1094 796 1150 sole
825 1112 1012 1169 puro;
1058 1112 1178 1151 non
1211 1101 1418 1151 tamen
1450 1095 1706 1165 irritum,

529 1174 964 1248 Quodcumque
995 1180 1157 1230 retro
1191 1180 1301 1242 est,
1334 1175 1563 1244 efficiet,
1597 1193 1790 1251 neque

609 1253 900 1327 Diffinget
932 1254 1339 1328 infectumque
1371 1255 1583 1312 reddet

689 1334 864 1406 Quod
896 1334 1139 1408 fugiens
1175 1334 1362 1390 semel
1396 1334 1542 1391 hora
1572 1335 1798 1393 vexit.''

531 1413 818 1478 Fortuna,
852 1431 1034 1471 saevo
1067 1414 1234 1470 laeta
1263 1415 1509 1489 negotio
1541 1422 1602 1472 et

527 1492 770 1553 Ludum
797 1494 1160 1551 insolentem
1195 1494 1401 1551 ludere
1432 1495 1724 1569 pertinax,

609 1572 1006 1631 Transmutat
1037 1575 1304 1631 incertos
1337 1573 1609 1644 honoreS‚

688 1653 867 1710 Nunc
898 1653 1062 1723 mihi,
1098 1672 1260 1710 nunc
1292 1655 1395 1710 alii
1427 1655 1701 1730 benigna.

445 1758 462 1772 ⁸
530 1733 743 1791 Laudo
773 1740 1121 1791 manentem
1148 1755 1161 1807 ;
1209 1735 1260 1791 si
1291 1735 1514 1791 celeres
1545 1735 1742 1810 quatit

530 1813 791 1882 PennaS‚
823 1815 1066 1888 resigno
1102 1832 1256 1890 quae
1287 1815 1472 1884 dedit,
1505 1821 1567 1871 et
1596 1832 1732 1873 mea

615 1893 860 1950 Virtute
892 1912 987 1950 me
1017 1895 1075 1951 in
1089 1893 1286 1963 volvo,
1319 1896 1691 1970 probamque

688 1972 1050 2049 Pauperiem
1086 1975 1217 2031 sine
1248 1975 1388 2032 dote
1419 1991 1658 2051 quaero,

525 2053 666 2112 Non
696 2060 792 2111 est
820 2072 1039 2125 meum,
1077 2055 1127 2110 si
1161 2056 1398 2129 mugiat
1431 2054 1657 2112 Africis

525 2133 732 2198 Malus
760 2134 1055 2208 procellis
1091 2135 1166 2191 ad
1198 2137 1456 2197 miseras
1485 2152 1693 2211 preces

607 2213 954 2284 Decurrere‚
999 2220 1062 2271 et
1106 2215 1270 2273 votis
1310 2216 1552 2291 pacisci,

685 2294 779 2351 Ne
814 2294 1078 2370 Cypriae
1115 2294 1458 2370 Tyriaeque
1489 2312 1718 2353 merces

527 2373 782 2431 Addant
826 2392 1011 2431 avaro
1054 2375 1311 2432 divitias
1354 2375 1540 2433 mari:

525 2451 680 2511 Tum
713 2472 808 2510 me
840 2455 1088 2511 biremis
1117 2456 1422 2529 praesidio
1457 2454 1717 2531 scaphae

607 2531 833 2590 Tutum
863 2550 970 2607 per
1000 2537 1287 2609 Aegaeos
1317 2536 1616 2593 tumultus

687 2615 858 2677 Aura
888 2613 1036 2671 feret
1067 2615 1465 2693 geminusque
1501 2614 1734 2674 Pollux.

1109 2822 1328 2881 XXX.

524 2944 719 3018 Exegi
750 2952 1212 3002 monumentum
1245 2963 1380 3004 aere
1409 2946 1750 3022 perenniUS,

524 3024 867 3099 Regalique
901 3025 1021 3080 situ
1051 3026 1446 3099 pyramidum
1479 3025 1682 3097 altius,

2096 302 2172 357 35

2096 703 2168 755 40

2089 1104 2165 1155 45

2083 1502 2191 1567 50,

2093 1903 2177 1957 55

2103 2293 2186 2347 60

1972 2750 2061 2874 4

526 3103 700 3174 Quod
731 3121 854 3159 non
882 3103 1074 3159 imber
1104 3105 1276 3173 edax,
1310 3123 1432 3162 non
1463 3105 1692 3181 Aquilo
1723 3106 2031 3184 impotens

528 3181 734 3237 Possit
765 3182 1020 3249 diruere,
1054 3189 1160 3240 aut
1190 3184 1649 3241 innumerabilis

336 3350 389 3393 37
415 3349 582 3393 domus
607 3345 799 3391 Seruius
822 3344 888 3386 ad
911 3343 1029 3386 Aen.
1051 3346 1121 3390 iii.
1145 3350 1219 3392 94.
1305 3350 1361 3397 42
1384 3351 1517 3409 degit
1600 3352 1655 3413 βο
1679 3353 1846 3411 Syriae
1931 3356 1990 3398 62
2014 3359 2146 3402 tune
