2367 3784
275 153 358 214 60

827 169 1031 213 HORA
1045 168 1113 213 '1‘1
1167 167 1463 214 CARMIN
1476 167 1583 215 VM

516 327 607 385 At
647 325 792 384 fides
835 333 897 383 et
939 327 1143 401 ingeni

594 406 874 481 Benigna
915 424 1072 464 vena
1113 413 1225 476 est,
1272 425 1718 484 pauperemque
1759 409 1934 467 dives
2048 412 2127 468 10

516 486 620 545 Me
662 488 855 564 petit3
899 486 1050 544 nihil
1094 504 1279 563 supra
1976 483 1979 486 ’

597 568 760 626 Deos
802 568 1052 637 lacesse,
1100 586 1210 625 nec
1252 574 1567 644 potentem
1610 568 1873 627 amicum

515 645 819 724 Largiora
861 648 1087 723 flagitO,

599 729 768 788 Satis
809 731 1043 791 beatus*
1069 730 1267 787 unicis
1314 728 1577 788 Sabinis,

516 809 810 868 Truditur
851 811 980 868 dies
1022 811 1133 881 die,
2048 813 2122 869 15

597 890 930 966 Novaeque
973 898 1240 967 pergunt
1283 891 1525 949 interire
1567 891 1782 950 lunae:

520 971 616 1030 Tu
658 972 921 1030 secanda
961 989 1268 1030 marmora

598 1051 795 1110 Locas
839 1052 952 1109 sub
997 1053 1200 1128 ipsum
1244 1053 1442 1125 funus
1488 1058 1552 1110 et
1594 1051 1901 1128 sepulchri

518 1131 849 1190 Immemor
893 1135 1079 1190 struis
1124 1132 1386 1203 domos
1704 1175 1710 1181 .
1843 1176 1881 1215 ,ς
1931 1198 1939 1204 ,

597 1211 907 1289 Marisque
954 1213 1102 1271 Bais
1146 1214 1556 1290 obstrepentis
1599 1231 1781 1288 urges
2050 1213 2127 1269 20

521 1292 916 1352 Summovere
963 1294 1155 1363 litora,

601 1373 826 1431 Parum
868 1374 1138 1450 locuples
1181 1376 1527 1433 continente
1569 1373 1717 1450 ripa.

524 1454 688 1527 Quid
730 1454 890 1530 quod
938 1473 1127 1530 usque
1171 1456 1475 1530 proximos

601 1535 873 1593 Revellis
921 1537 1050 1611 agri
1093 1536 1400 1605 terminos
1445 1541 1510 1619 et
1548 1534 1709 1592 ultra

520 1613 779 1673 Limites
823 1615 1136 1673 clientium
2048 1614 2127 1671 25

606 1694 766 1753 Salis
811 1694 1077 1753 avarus?
1163 1696 1421 1753 Pellitur
1459 1701 1747 1772 paternos

522 1775 599 1834 In
642 1776 778 1833 sinu
821 1777 1019 1833 ferens
1065 1775 1211 1833 deos

603 1855 687 1913 Et
728 1873 878 1913 uxor
923 1863 985 1914 et
1027 1857 1120 1914 vir
1161 1857 1556 1932 sordidosque
1600 1859 1795 1915 natos

524 1936 712 1995 Nulla
754 1937 976 2005 ccmor
1016 1943 1222 1994 tamen

604 2017 871 2092 Rapacis
918 2016 1059 2074 Orci
1103 2016 1217 2075 fine
1260 2018 1567 2079 destinata
2050 2015 2132 2072 30

523 2099 688 2236 Atfla
730 2098 983 2156 divitem
1028 2104 1246 2156 manet

670 2196 854 2236 erum.
949 2179 1110 2252 Quid
1143 2179 1307 2237 ultra
1334 2181 1579 2240 tendis?
1665 2181 1886 2258 Aequa
1913 2180 2098 2238 tellus

526 2259 788 2333 Pauperi
831 2259 1179 2352 recludiQr

603 2339 964 2415 Regumque
1011 2340 1235 2414 pueris»,
1282 2359 1390 2400 nec
1434 2344 1676 2401 satelles
1721 2341 1861 2399 Orci

530 2417 834 2477 Callidum
885 2420 1255 2478 Promethea
2048 2424 2127 2480 35

606 2500 872 2558 Revexit
916 2518 1063 2557 auro
1107 2508 1338 2576 captus,
1429 2503 1550 2562 Hic
1594 2503 1920 2580 superbum

526 2579 854 2637 Tantalum
900 2587 1078 2656 atque
1125 2582 1371 2639 Tantali

608 2660 814 2718 Genus
857 2667 1127 2735 coercet3
1172 2662 1269 2719 hic
1312 2663 1513 2720 levare
1556 2664 1832 2720 functum

528 2739 863 2815 Pauperem
908 2740 1219 2799 laboribus

604 2819 879 2881 Vocatus
924 2828 1105 2897 atque
1150 2840 1272 2880 non
1317 2829 1569 2880 vocatus
1612 2823 1801 2882 audit.
2053 2825 2133 2880 40

1128 3078 1316 3136 XIX.
1511 3156 1517 3163 ς
1911 3019 2148 3207 ι,ᾤζί

526 3199 834 3258 Bacchum
864 3201 928 3257 in
957 3202 1205 3257 remotis
1236 3201 1506 3258 carmina
1531 3201 1783 3279 rupibus
1927 3214 1966 3251 s

528 3280 675 3338 Vidi
717 3281 1051 3350 docentem,
1072 3280 1295 3337 credite
1335 3282 1583 3356 posteri,

590 3421 648 3464 20
673 3421 806 3464 Baiis
1050 3420 1108 3463 25
1131 3420 1335 3463 limitem
1579 3421 1635 3463 30
1661 3421 1769 3464 sede
