2367 3784
237 163 363 225 166
777 177 1064 222 HORA'H
1115 177 1558 226 SA‘rfflARvM

237 335 667 393 Saturnalibus
699 334 816 391 huc
847 334 1076 409 fugisti.
1166 332 1417 391 Sobrius
1445 354 1589 411 ergo
2079 335 2120 391 5

236 416 349 473 Dic
382 415 613 490 aliquid
644 415 897 489 dignum
926 413 1282 490 promissis!
1368 415 1612 490 Incipe!
1698 416 1801 475 Nil
1832 423 1941 475 est.

239 496 286 554 C
297 496 582 570 ulpantur
611 496 835 552 frustra
863 495 1094 564 calami,
1127 495 1587 571 immeritusque
1618 498 1852 555 laborat

237 576 422 633 Iratis
451 583 633 633 natus
663 576 861 651 paries
892 576 988 633 dis
1020 582 1203 650 atque
1232 575 1442 650 poetis,

238 657 431 732 Atqui
461 656 666 713 voltus
697 661 829 713 erat
859 656 1054 712 multa
1084 661 1146 711 et
1171 656 1483 730 praeclara
1513 657 1820 727 minantiS,

239 736 304 794 Si
338 754 596 793 vacuum
626 737 832 811 tepido
864 736 1127 811 cepisset
1159 736 1372 792 villula
1403 741 1580 793 tecto,
2041 738 2123 792 10

240 817 545 889 Quorsum
575 817 869 891 pertinuit
899 818 1126 890 stipare
1162 814 1422 872 Platona
1452 815 1808 887 Menandro,

237 897 520 971 Eupolin,
555 896 1013 965 Archilochum,
1047 896 1302 953 comites
1331 897 1584 953 educere
1613 896 1863 954 tantos?

237 976 543 1034 Invidiam
572 976 811 1051 placare
841 995 1023 1052 paras
1055 977 1281 1033 virtute
1311 974 1560 1033 relicta?

239 1056 658 1127 Contemnere,
686 1056 899 1115 miser!
985 1057 1261 1114 Vitanda
1289 1064 1385 1114 est
1413 1057 1687 1131 improba
1717 1056 1889 1115 Siren

238 1137 506 1206 Desidia,
541 1143 648 1194 aut
678 1138 968 1213 quicquid
1003 1138 1130 1214 vita
1156 1137 1404 1193 meliore
1433 1138 1663 1212 parasti
2042 1137 2125 1194 15

240 1218 596 1355 Ponenddum
650 1236 839 1293 aequo
894 1219 1111 1275 animo.
1200 1217 1411 1274 Horat.
1468 1217 1547 1273 Di
1593 1224 1669 1289 te,
1717 1218 2116 1295 Damasippe,

517 1316 741 1373 eaeque

237 1377 468 1435 Verum
497 1379 573 1435 ob
605 1379 921 1435 consilium
954 1379 1182 1436 donent
1212 1383 1472 1435 tonsore.
1563 1375 1683 1435 Sed
1715 1379 1872 1435 unde

240 1458 395 1515 Tam
425 1459 575 1515 bene
606 1477 700 1515 me
732 1458 938 1516 nosti?
1026 1461 1207 1516 Dam.
1249 1457 1587 1532 Postquam
1623 1458 1819 1516 omnis
1845 1477 1942 1516 res
1972 1478 2126 1517 mea

478 1539 521 1596 J
526 1557 708 1595 anum

240 1619 340 1678 Ad
371 1619 639 1676 medium
668 1620 857 1676 fracta
887 1624 997 1690 est,
1032 1618 1228 1675 aliena
1255 1617 1504 1693 negotia
1533 1635 1692 1688 curo,

239 1700 553 1757 Excussus
581 1700 858 1775 propriis,
949 1698 1113 1756 Olim
1143 1716 1287 1755 nam
1318 1714 1603 1773 quaerere
1634 1700 1930 1769 amabam,
2035 1703 2127 1758 20

242 1781 378 1854 Quo
410 1780 580 1836 vafer
607 1780 705 1837 ille
735 1781 922 1854 pedes
953 1778 1207 1836 lavisset
1239 1778 1542 1853 Sisyphus
1573 1796 1723 1849 aere,

241 1860 402 1933 Quid
434 1860 734 1936 sculptum
769 1860 1017 1928 infabre,
1051 1860 1195 1934 quid
1227 1859 1430 1915 fusum
1462 1859 1673 1915 durius
1703 1866 1902 1932 esset3

243 1940 517 1998 Callidus
549 1940 686 1996 huic
717 1941 893 2014 signo
924 1940 1224 2014 ponebam
1257 1939 1427 1995 milia
1458 1944 1738 2013 centum3

242 2020 473 2077 Hortos
502 2021 903 2096 egregiasque
935 2020 1147 2077 domos
1179 2019 1502 2075 mercarier
1531 2037 1688 2075 unus

243 2100 402 2158 Cum
429 2100 590 2157 lucro
624 2118 871 2173 noram;
918 2100 1073 2156 unde
1108 2099 1443 2175 frequentia
1471 2098 1832 2156 Mercuriale
2037 2102 2128 2158 25

241 2180 593 2254 Imposuere
625 2180 774 2236 mihi
803 2198 1140 2255 cognomen
1171 2180 1449 2255 compita.
1536 2179 1748 2236 Horat.
1783 2179 1965 2250 Novi,

243 2259 326 2316 Et
356 2261 537 2316 miror
569 2261 759 2317 morbi
790 2272 1122 2335 purgatum
1154 2266 1213 2316 te
1245 2260 1424 2316 illius.
1511 2261 1690 2316 Dam.
1725 2259 1921 2334 Atqui

243 2340 492 2397 Emovit
524 2348 786 2398 veterem
819 2341 965 2397 mire
998 2358 1211 2410 novus,
1245 2345 1314 2396 ut
1344 2339 1515 2407 solet,
1550 2340 1610 2395 in
1640 2357 1742 2396 cor

242 2420 514 2494 Trajecto
545 2420 750 2486 lateris
783 2421 984 2477 miseri
1018 2421 1314 2496 capitisve
1345 2420 1566 2489 dolore,

241 2498 332 2557 Ut
360 2501 731 2575 lethargicus
763 2501 859 2558 hic
889 2519 1027 2557 cum
1057 2501 1122 2556 fit.
1152 2500 1326 2578 pugil
1356 2507 1417 2558 et
1445 2500 1745 2556 medicum
1774 2505 1966 2574 urget.
2039 2503 2134 2559 30

239 2581 451 2638 Horat.
489 2581 652 2638 Dum
677 2599 748 2638 ne
774 2581 919 2657 quid
945 2581 1140 2638 simile
1165 2581 1321 2651 huic,
1347 2586 1478 2638 esto
1503 2580 1760 2638 utlibet.
1835 2583 2016 2639 Dam.
2062 2577 2131 2637 O

483 2661 653 2730 bone,
688 2680 760 2718 ne
781 2668 850 2718 te

240 2740 592 2814 Frustrere3
637 2742 870 2798 insanis
898 2744 960 2798 et
987 2746 1073 2810 tu,
1106 2741 1398 2816 stultique
1428 2758 1611 2816 prope
1643 2757 1869 2811 omneS‚

241 2820 304 2878 Si
334 2822 478 2896 quid
514 2821 843 2879 Stertinius
873 2822 999 2878 veri
1034 2827 1257 2896 crepat,
1293 2821 1451 2878 unde
1482 2838 1596 2895 ego
1626 2821 1780 2877 mira
1814 2844 1818 2849 ·

242 2900 547 2977 Descripsi
578 2903 791 2959 docilis
817 2908 1143 2978 praecepta
1172 2902 1336 2971 haec,
1369 2907 1641 2976 tempore
1671 2918 1790 2976 quo
1820 2918 1919 2956 me

239 2979 484 3039 Solatus
505 2984 692 3056 jussit
722 2984 1060 3058 sapientem
1089 3000 1336 3058 pascere
1367 2981 1619 3038 barbam
2051 2983 2140 3039 35

239 3060 440 3136 Atque
472 3081 508 3118 a
538 3063 816 3120 Fabricio
847 3081 967 3120 non
997 3062 1232 3119 tristem
1262 3068 1447 3137 ponte
1478 3060 1716 3118 reverti.

237 3139 414 3209 Nam,
447 3143 601 3199 male
632 3160 694 3199 re
726 3149 915 3216 gesta,
951 3160 1088 3200 cum
1119 3143 1336 3199 vellem
1366 3143 1605 3198 mittere
1638 3146 1847 3216 operto

237 3219 341 3276 Me
372 3223 567 3297 capite
600 3223 660 3278 in
692 3222 929 3291 flumen,
964 3222 1168 3278 dexter
1199 3223 1370 3279 stetit
1398 3228 1460 3279 et
1491 3220 1714 3279 “Cave
1744 3220 1901 3278 faxis

419 3374 443 3413 5
468 3375 569 3414 esto
721 3370 779 3414 22
804 3371 1038 3429 scalptum
1190 3372 1247 3416 29
1269 3371 1539 3431 capitisque
1682 3371 1738 3414 33
1761 3384 1926 3414 verum
