2367 3784
22 2984 453 3057 foroice'sjl

1010 153 1155 199 Lm.
1207 154 1319 199 111.
1371 138 1432 217 5,
1471 138 1510 200 6
2114 137 2195 205 71

733 313 851 386 Qui
882 313 1012 369 lora
1042 312 1339 369 restrictis
1369 312 1611 369 lacertis
2120 307 2197 365 35

815 391 1021 450 Sensit
1049 393 1213 449 iners
1242 392 1567 467 timuitque
1601 397 1872 451 mortem.

652 472 788 543 Hic,
821 473 980 530 unde
1007 473 1206 529 vitam
1239 480 1504 530 sumeret
1532 472 1775 544 insciuS,

653 553 875 611 Pacem
906 552 1110 610 duello
1142 552 1401 611 miscuit.
1491 552 1543 609 Ο
1573 552 1801 628 pudori

731 633 782 691 Ο
812 651 1038 708 magna
1069 632 1400 707 CarthagO,
1433 633 1736 708 probrosis
1894 634 1920 674 Ι
1933 662 1944 671 -

815 713 1017 771 Altior
1046 713 1265 770 Italiae
1296 714 1490 770 ruinis
1510 712 1523 770 l
1542 716 1575 744 ’'
2123 708 2199 764 40

644 793 863 851 Fertur
888 794 1144 869 pudicae
1177 795 1456 868 conjugis
1489 794 1763 852 osculum

656 874 1009 948 Parvosque
1042 880 1235 944 natos
1272 881 1341 931 ut
1368 874 1587 948 capitis
1619 876 1837 949 minor,

735 954 835 1010 Ab
866 972 929 1010 se
959 954 1311 1024 removisse,
1344 960 1406 1012 et
1435 955 1672 1011 virilem

815 1033 1051 1091 Torvus
1082 1034 1249 1090 humi
1281 1035 1560 1109 posuisse
1595 1035 1848 1107 voltum,

656 1113 865 1172 Donec
894 1114 1170 1171 labantes
1203 1114 1456 1172 consilio
1485 1122 1695 1188 patres
2114 1113 2187 1172 45

656 1194 962 1252 Firmaret
992 1201 1200 1251 auctor
1231 1211 1562 1270 numquam
1598 1194 1753 1251 alias
1782 1194 1943 1266 dato,

735 1275 1021 1349 In'terque
1058 1282 1401 1332 maerentes
1432 1275 1658 1332 amicos
1745 1311 1758 1326 .-

816 1355 1120 1429 Egregius
1148 1362 1502 1430 properaret
1530 1355 1683 1412 exul.

659 1433 853 1508 Atqui
884 1435 1111 1491 sciebat
1142 1453 1298 1510 quae
1330 1435 1448 1492 sibi
1475 1436 1771 1492 barbarus

659 1513 880 1571 Tortor
907 1522 1183 1590 pararet;
1230 1532 1352 1570 non
1384 1515 1557 1572 aliter
1585 1522 1794 1572 tamen
2111 1514 2188 1570 50

738 1594 1017 1652 Dimovit
1047 1595 1366 1652 obstantes
1394 1597 1764 1671 propinquos

817 1674 903 1732 Et
929 1675 1217 1750 populum
1248 1676 1479 1732 reditus
1507 1676 1855 1749 morantem,

662 1753 858 1826 Quam
889 1756 940 1811 si
969 1755 1256 1812 clientum
1287 1755 1472 1830 longa
1501 1756 1750 1832 negotia

661 1833 1008 1908 Dijudicata
1037 1835 1144 1891 lite
1177 1835 1561 1910 relinqueret,

740 1913 1023 1971 Tendens
1053 1915 1445 1973 Venafranos
1474 1916 1536 1971 in
1568 1932 1750 1989 agros
2111 1915 2184 1972 55

821 1995 953 2052 Aut
984 1993 1539 2053 Lacedaemonium
1571 1995 1918 2053 Tarentum.

1220 2193 1331 2251 VI.
1723 2184 1956 2307 ‚QVI

662 2314 900 2373 Delicta
931 2318 1227 2389 majorum
1257 2316 1596 2374 immeritus
1627 2316 1775 2388 lueS,

662 2394 957 2465 Romane,
991 2397 1182 2453 donec
1213 2397 1441 2472 templa
1470 2396 1749 2455 refeceris

739 2475 1063 2550 Aedesque
1094 2476 1373 2533 labentes
1404 2477 1649 2533 deorum
1681 2483 1745 2535 et

818 2555 1024 2613 Foeda
1055 2557 1230 2630 nigro
1264 2557 1586 2614 simulacra
1616 2558 1797 2615 fumo.

661 2633 774 2692 Dis
802 2641 863 2693 te
892 2635 1183 2693 minorem
1218 2636 1378 2712 quod
1407 2638 1588 2712 geriS‚
1621 2639 1919 2712 imperas:
2141 2637 2175 2692 5

664 2714 827 2772 Hinc
855 2734 1032 2772 omne
1062 2717 1444 2793 principium,
1479 2717 1593 2774 huc
1623 2718 1778 2774 refer
1810 2719 2075 2776 exitum:

739 2795 818 2852 Di
849 2796 1044 2853 multa
1073 2798 1335 2871 neglecti
1366 2798 1662 2854 dederunt

819 2875 1150 2951 Hesperiae
1182 2878 1345 2934 mala
1373 2877 1701 2934 luctuosae.
1927 2944 1950 2961 τ

659 2955 701 3012 J
707 2974 802 3012 am
832 2957 926 3012 bis
956 2956 1281 3014 Monaeses
1310 2963 1371 3014 et
1408 2957 1623 3014 Pacori
1654 2975 1872 3014 manus
1939 2982 1946 2991 f
1985 2958 1992 2967 “

659 3034 717 3092 N
723 3053 799 3092 on
832 3037 1180 3112 auspicatos
1212 3038 1490 3094 contudit
1521 3037 1781 3112 impetus
2109 3031 2175 3087 10

738 3115 1002 3174 Nostros
1032 3123 1093 3173 et
1124 3117 1415 3190 adjecisse
1445 3117 1733 3192 praedam

814 3195 1160 3272 Torquibus
1191 3197 1432 3270 exiguis
1461 3197 1709 3255 renidet.

426 3332 485 3379 37
509 3348 540 3378 a
575 3335 684 3391 tius,
703 3336 876 3380 anxius
902 3352 925 3379 e
949 3337 1213 3379 coniectura
1275 3337 1333 3378 48
1356 3337 1494 3378 exsul
1557 3337 1612 3378 51
1637 3335 1814 3378 amicos
1878 3334 1903 3375 6
1926 3332 2018 3375 huc
2041 3344 2179 3374 omne

565 3397 754 3439 onaesis
880 3396 935 3438 10
959 3395 1288 3454 inauspicatos
1413 3396 1467 3436 10
1492 3394 1698 3437 eontulit
1823 3393 1874 3433 11
1902 3391 2078 3432 nostris
