2367 3784
851 162 999 208 mn.
1051 161 1165 208 111.
1214 146 1316 221 28,
1349 145 1430 209 29
1992 143 2072 207 91

913 392 918 397 ·
1019 388 1274 447 xxm.
1656 356 1875 484 ‘ff‘

446 509 764 586 Tyrrhena
802 528 1017 585 regum
1058 510 1397 585 progenieS,
1442 510 1557 568 tibi

444 589 588 647 Non
632 597 771 647 ante
820 608 993 647 verso
1037 590 1170 646 lene
1214 607 1448 647 merum
1492 590 1643 648 cado

524 668 680 727 Cum
711 669 869 740 flore,
904 670 1248 738 Maecenas
1282 687 1557 727 rosarum
1587 676 1651 727 et

603 748 829 808 Pressa
873 750 996 807 tuis
1039 749 1294 806 balanus
1338 751 1570 826 capillis

442 831 483 888 J
488 831 821 887 amdudum
855 829 1015 906 apud
1048 848 1142 887 me
1172 835 1282 887 est.
1371 830 1556 906 Eripe
1587 836 1647 887 te
1678 846 1900 899 morae,
2028 831 2063 885 5

440 910 535 968 Ne
566 928 803 986 semper
835 912 1025 967 udum
1060 909 1251 966 Tibur
1278 915 1340 967 et
1369 910 1634 968 Aesulae

520 990 772 1048 Declive
818 990 1249 1066 contempleris
1294 1007 1506 1047 arvum
1549 996 1611 1048 et

600 1071 893 1146 Telegoni
930 1073 1088 1146 juga
1131 1070 1479 1146 parricidae.

441 1150 851 1209 Fastidiosam
886 1152 1098 1209 desere
1132 1152 1368 1227 copiam
1397 1157 1461 1208 et

439 1230 665 1289 Molem
695 1233 1111 1308 propinquam
1145 1231 1409 1288 nubibus
1439 1231 1675 1305 arduis3
1994 1228 2066 1284 10

516 1311 750 1370 Omitte
796 1312 1272 1369 mirari-beatae
1596 1333 1603 1341 ·

598 1392 862 1450 Fumum
896 1398 959 1449 et
995 1410 1141 1468 opes
1174 1392 1610 1468 strepitumque
1642 1391 1895 1450 Romae.

437 1471 800 1548 Plerumque
835 1479 1052 1548 gratae
1086 1472 1379 1529 divitibus
1410 1473 1590 1541 vices»,

430 1552 823 1629 Mundaeque
861 1571 1058 1628 parvo
1092 1552 1207 1610 sub
1236 1552 1360 1610 lare
1389 1570 1718 1628 pauperum

512 1632 713 1691 Genae
759 1634 888 1690 sine
940 1633 1172 1690 aulaeis
1216 1637 1278 1690 et
1322 1638 1486 1689 ostro
1993 1627 2064 1682 15

593 1712 930 1771 Sollicitam
985 1713 1322 1789 explicuere
1366 1713 1643 1771 frontem.

433 1793 473 1849 J
478 1811 574 1850 am
603 1793 801 1851 clarus
836 1794 1143 1850 occultum
1182 1793 1611 1851 Andromedae
1640 1798 1813 1870 pater

434 1870 719 1931 Ostendit
749 1875 978 1948 ignem,
1008 1875 1135 1948 jam
1171 1873 1453 1948 Procyon
1482 1873 1628 1931 furit

509 1954 592 2011 Et
632 1954 810 2012 stella
859 1954 1075 2010 vesani
1121 1954 1364 2024 LeoniS,

592 2033 734 2092 Sole
779 2034 911 2091 dics
959 2034 1258 2092 referente
1303 2035 1533 2106 siccos3
1989 2028 2065 2084 20

428 2114 471 2171 J
475 2132 570 2171 am
600 2119 809 2190 pastor
843 2114 1103 2171 umbras
1136 2133 1271 2171 cum
1303 2132 1488 2189 grege
1516 2112 1806 2188 languido

431 2193 780 2269 Rivumque
816 2194 1019 2252 fessus
1056 2196 1294 2271 quaerit
1323 2202 1385 2252 et
1415 2193 1644 2252 horridi

510 2275 778 2332 Dumeta
828 2274 1091 2344 Silvani,
1138 2281 1420 2351 caretque

374 2406 378 2411 .
587 2355 750 2441 Ripa
784 2356 964 2439 vagis
1000 2356 1306 2413 taciturna
1336 2355 1551 2413 ventis,

430 2435 522 2493 Tu
551 2430 865 2494 civitatem
905 2437 1046 2511 quis
1078 2436 1290 2493 deceat
1319 2441 1521 2493 status
1987 2425 2061 2482 25

431 2516 642 2583 Curae,
675 2523 736 2573 et
767 2516 900 2572 urbi
943 2516 1246 2574 sollicitus
1274 2516 1456 2573 times

508 2596 668 2671 Quid
704 2596 880 2654 Seres
918 2603 979 2654 et
1013 2602 1273 2672 regnata
1303 2594 1468 2672 Cyro

587 2677 813 2734 Bactra
842 2684 1070 2753 parent
1101 2676 1448 2752 Tanaisque
1477 2675 1724 2734 discors,

431 2757 709 2815 Prudens
743 2757 931 2815 futuri
970 2758 1263 2834 temporis
1292 2757 1521 2814 exitum

431 2836 785 2912 Caliginosa
817 2845 995 2897 nocte
1030 2838 1253 2915 premit
1283 2837 1450 2907 deuS,
1981 2828 2058 2884 30

508 2916 814 2994 Ridetque
864 2920 915 2976 si
964 2919 1238 2977 mortalis
1281 2918 1441 2975 ultra

588 2998 710 3057 Fas
740 3001 1019 3076 trepidat
1118 2999 1298 3074 Quod
1329 2999 1504 3056 adest
1532 3000 1840 3055 memento

433 3076 808 3155 Componere
843 3099 1107 3157 aequus:
1153 3087 1352 3138 cetera
1381 3077 1645 3135 fluminis

433 3155 586 3216 Ritu
616 3161 906 3232 feruntur,
940 3180 1101 3219 nunc
1132 3162 1334 3219 medio
1366 3159 1538 3217 alveo

289 3322 315 3367 2
339 3337 524 3372 versum
591 3327 617 3371 6
640 3341 727 3372 nec
794 3330 847 3373 15
871 3344 1063 3384 caenae,
1085 3343 1263 3375 coenae
1325 3331 1383 3374 22
1406 3328 1604 3372 horrida
1666 3327 1720 3368 31
1745 3323 1968 3367 mortale·

726 3388 784 3433 32
807 3390 1055 3448 trepidant
1239 3390 1298 3433 34
1318 3400 1524 3447 aequore
