2367 3784
819 629 887 703 Q.
938 626 1280 688 HORATI
1325 629 1648 690 FLAOGI

594 809 1861 901 CARMINVM

910 1019 1146 1066 LIBER
1176 1020 1532 1075 QVARTVS

448 1438 824 1509 Intermissa,
872 1439 1100 1507 Venus,
1146 1438 1253 1495 diu

528 1521 769 1578 Rursus
803 1519 958 1576 bella
988 1536 1200 1576 moves
1225 1516 1250 1575 ἲ
1338 1518 1543 1591 Parce,
1575 1539 1800 1597 precor,
1831 1542 2061 1600 precor.

443 1601 586 1660 Non
628 1618 762 1657 sum
809 1599 1005 1674 qualis
1048 1616 1212 1655 eram
1257 1599 1450 1658 bonae

529 1681 655 1740 Sub
683 1698 872 1754 regno
906 1679 1179 1737 Cinarae.
1269 1679 1513 1752 Desine,
1546 1682 1807 1740 dulcium

441 1763 643 1820 Mater
686 1777 872 1819 saeva
920 1758 1307 1835 Cupidinum,

523 1842 700 1903 Circa
729 1842 921 1898 lustra
954 1840 1160 1897 decem
1194 1839 1430 1899 flectere
1460 1843 1739 1901 mollibus

436 1925 582 1983 Jam
624 1925 841 1981 durum
885 1921 1191 1995 imperiis;
1235 1922 1333 1979 abi

520 2006 655 2080 Quo
685 2004 943 2061 blandae
980 2003 1277 2075 juvenum
1305 2009 1366 2060 te
1396 2014 1684 2063 revocant
1709 2023 1931 2081 preeeS.

437 2084 889 2161 Tempestivius
933 2084 992 2140 in
1038 2083 1285 2140 domum

517 2166 697 2225 Pauli
726 2164 1044 2242 purpureis
1076 2164 1204 2220 ales
1235 2164 1502 2222 oloribus

437 2246 918 2306 Commissabere
963 2244 1240 2314 Maximi,

517 2326 585 2386 Si
614 2333 837 2384 torrere
872 2328 1042 2400 jecur
1071 2325 1312 2400 quaeris
1343 2325 1660 2385 idoneum:

434 2406 714 2483 Namque
756 2412 818 2464 et
861 2406 1080 2462 nobilis
1124 2412 1186 2462 et
1228 2405 1447 2462 decens

513 2486 597 2544 Et
623 2505 731 2564 pro
762 2486 1037 2544 sollicitis
1067 2504 1189 2542 non
1218 2485 1441 2544 tacitus
1470 2486 1588 2543 reis

433 2566 518 2624 Et
557 2575 796 2625 centum
841 2585 992 2643 puer
1042 2567 1266 2623 artium

501 2647 670 2705 'Late
700 2648 879 2722 signa
909 2649 1061 2704 feret
1097 2646 1347 2704 militiae
1377 2653 1536 2714 tuae,

430 2727 514 2785 Et
554 2729 913 2804 quandoque
957 2729 1261 2804 potentior

512 2808 697 2884 Largi
726 2811 1083 2866 muneribus
1116 2808 1316 2865 riserit
1347 2806 1586 2877 aemuli,

430 2889 708 2947 Albanos
750 2908 937 2966 prope
982 2897 1042 2947 te
1087 2889 1255 2946 lacus

509 2969 707 3026 Ponet
736 2988 1136 3028 marmoream
1168 2971 1283 3028 sub
1312 2970 1485 3026 trabe
1515 2968 1718 3025 citrea.

426 3049 561 3107 Illic
602 3050 865 3124 plurima
909 3052 1157 3108 naribus

507 3129 710 3186 Duces
738 3136 895 3199 tura,
928 3131 1217 3205 lyraeque
1247 3136 1311 3188 et
1338 3128 1739 3203 Berecyntiae

464 3284 491 3326 9
516 3283 657 3326 domo
842 3283 896 3324 10
923 3282 1081 3326 Pauui
1264 3285 1320 3328 18
1336 3285 1487 3342 largis
1670 3285 1726 3328 20
1752 3283 1934 3343 Cypria

617 3341 675 3384 22
697 3340 842 3385 thura
963 3342 1020 3384 22
1043 3343 1242 3402 lyraque
1377 3345 1434 3388 22
1458 3345 1744 3401 Berecyntia

1743 3419 1803 3464 94

2075 2156 2151 2212 10

2068 2558 2146 2613 15

2070 2959 2150 3012 20
