2367 3784
1059 157 1206 206 nm.
1255 157 1300 205 1.
1350 142 1387 203 2
2035 141 2162 205 195

287 316 375 374 Et
400 334 595 375 mores
628 316 939 374 homiuum
969 316 1254 393 inspexit,
1284 317 1600 391 latumque
1629 332 1737 390 per
1767 331 2008 391 aequor,
2079 316 2155 372 20

290 397 451 456 Dum
483 398 613 467 sibi,
646 398 791 456 dum
822 398 1007 455 sociis
1038 398 1301 453 reditum
1331 405 1523 472 parat,
1559 413 1775 471 aspera
1804 396 1999 453 multa

292 477 567 547 Pertulit,
602 478 877 535 adversis
907 495 1106 534 rerum
1137 477 1567 533 immersabilis
1601 475 1796 531 undis

295 557 570 615 Sirenum
602 576 782 614 voces
811 564 874 614 et
906 557 1116 616 Circae
1146 557 1365 631 pocula
1394 556 1556 613 nosti
1585 576 1599 629 ;

294 638 459 711 Quae
489 638 541 694 si
573 656 711 694 cum
741 639 924 695 sociis
954 638 1181 694 stultus
1212 638 1588 712 cupidusque
1621 636 1893 707 bibisset,

296 717 422 775 Sub
451 718 701 775 domina
727 718 1041 775 meretrice
1072 717 1287 774 fuisset
1315 718 1513 792 turpis
1543 721 1605 773 et
1634 733 1863 785 excorS,
2080 714 2153 771 25

293 797 570 856 Vixisset
599 798 769 855 canis
799 798 1150 855 immundus
1181 797 1280 855 vel
1311 800 1507 855 amica
1535 797 1667 853 luto
1698 813 1819 853 sus,

98 951 151 1010 Ι
378 959 508 1017 Nos
537 976 826 1017 numerus
858 976 1066 1017 sumus
1096 964 1158 1016 et
1189 958 1397 1033 fruges
1428 974 1779 1015 consumere
1811 956 1961 1028 nati,

299 1039 522 1114 Sponsi
555 1039 916 1114 Penelopae,
950 1039 1300 1110 nebuloneS‚
1336 1039 1699 1113 Alcinoique

294 1119 375 1177 In
402 1125 536 1176 cute
567 1121 836 1176 curanda
866 1120 1006 1195 plus
1036 1137 1232 1193 aequo
1263 1126 1515 1194 operata
1548 1120 1860 1192 juventuS,

301 1199 416 1257 Cui
444 1199 763 1275 pulchrum
792 1200 908 1257 fuit
938 1200 996 1256 in
1030 1200 1263 1256 medios
1293 1199 1555 1256 dormire
1587 1198 1736 1269 dies,
1769 1204 1831 1253 et
2082 1195 2160 1252 30

297 1280 400 1337 Ad
429 1280 751 1354 strepitum
780 1280 1052 1336 citharae
1081 1287 1387 1337 cessatum
1419 1280 1634 1336 ducere
1666 1294 1889 1334 curam.

299 1359 391 1417 Ut
419 1360 707 1434 jugulent
737 1359 1029 1431 homineS,
1065 1366 1328 1433 surgunt
1358 1360 1431 1416 de
1464 1365 1639 1415 nocte
1668 1358 1971 1414 latrones:

151 1438 225 1502 Ι
300 1440 389 1497 Ut
416 1449 475 1497 te
507 1440 707 1516 ipsum
739 1458 960 1510 serveS,
994 1458 1117 1497 non
1146 1436 1628 1514 expergisceris?
1714 1435 1926 1512 Atqui,

303 1519 366 1578 Si
396 1521 564 1578 noles
594 1538 798 1590 sanuS,
831 1538 1034 1578 curres
1066 1520 1471 1595 hydropicus;
1515 1526 1579 1577 ct
1605 1517 1669 1575 ni

304 1600 528 1658 Posces
557 1607 697 1658 ante
729 1601 891 1658 diem
923 1602 1143 1658 librum
1174 1618 1313 1657 cum
1342 1600 1587 1670 lumine,
1620 1599 1673 1656 si
1704 1615 1826 1654 non
2086 1596 2161 1653 35

303 1681 592 1738 Intendes
621 1682 891 1738 animum
923 1681 1142 1738 studiis
1172 1687 1235 1737 et
1262 1681 1443 1737 rebus
1473 1679 1763 1747 honestiS,

306 1761 547 1818 Invidia
579 1761 671 1818 vel
692 1779 908 1839 ¹amore
939 1762 1089 1836 vigil
1120 1761 1491 1836 torquebere.
1581 1760 1741 1816 Nam
1771 1774 1878 1816 cur

309 1841 473 1914 Quae
504 1841 755 1898 laedunt
782 1841 990 1899 oculos
1019 1842 1277 1899 festinas
1307 1841 1561 1910 demere,
1594 1841 1646 1897 si
1677 1838 1823 1915 quid

306 1920 418 1979 Est
447 1922 732 1991 animum,
765 1921 968 1980 differs
998 1922 1251 1979 curandi
1280 1928 1522 1997 tempus
1551 1922 1612 1977 in
1644 1916 1915 1977 annum?

307 2000 642 2059 Dimidium
672 2002 816 2059 facti
847 2002 952 2077 qui
982 2003 1179 2078 coepit
1208 2002 1428 2073 habet3
1471 2018 1682 2075 sapere
1714 1999 1867 2055 aude
1892 2018 1907 2072 3
2090 2000 2165 2055 40

304 2082 525 2157 Incipe.
615 2082 734 2155 Qui
763 2091 926 2140 recte
956 2082 1205 2139 vivendi
1236 2090 1519 2158 prorogat
1550 2081 1779 2149 horam,

307 2161 598 2220 Rusticus
626 2169 939 2238 exspectat
969 2163 1114 2219 dum
1145 2162 1372 2218 defluat
1401 2161 1633 2234 amnis;
1678 2165 1741 2217 at
1771 2158 1870 2215 ille

307 2240 563 2300 Labitur
591 2247 654 2300 et
681 2242 935 2313 labetur,
968 2242 1028 2299 in
1061 2260 1239 2299 omne
1270 2241 1555 2298 volubilis
1586 2258 1821 2298 aevum.

28 2241 31 2270 l

30 2293 33 2354 Ι

32 2379 37 2466 i
389 2404 720 2477 Quaeritur
748 2411 1066 2479 argentum
1097 2404 1422 2480 puerisque
1452 2404 1635 2461 beata
1662 2401 1941 2460 creandis

34 2477 37 2516 l
309 2483 493 2553 Uxor,
525 2492 587 2542 et
619 2484 880 2543 incultae
909 2493 1203 2559 pacantur
1234 2502 1474 2542 vomere
1505 2484 1732 2540 silvae:
2095 2480 2169 2536 45

311 2564 484 2638 Quod
516 2564 669 2622 satis
698 2572 793 2622 est
823 2565 918 2622 cui
949 2565 1271 2639 contingit,
1304 2564 1455 2621 nihil
1486 2564 1749 2639 amplius
1778 2567 1965 2639 optet.

220 2578 281 2778 u
307 2643 364 2702 N
372 2662 449 2701 on
478 2644 698 2702 domus
725 2652 787 2702 et
816 2645 1057 2716 funduS,
1089 2663 1212 2702 non
1243 2645 1401 2702 aeris
1431 2661 1684 2701 acervus
1712 2648 1776 2700 et
1804 2642 1935 2699 auri

309 2726 582 2799 Aegroto
613 2725 839 2782 domini
872 2725 1120 2783 deduxit
1148 2742 1396 2801 corpore
1425 2724 1647 2793 febres»,

309 2804 448 2862 Non
478 2805 681 2862 animo
712 2821 905 2862 curas,
996 2805 1217 2863 Valeat
1245 2821 1561 2882 possessor
1588 2809 1842 2879 oportet,

312 2884 379 2943 Si
408 2885 804 2960 comportatis
834 2886 1014 2942 rebus
1043 2885 1195 2942 bene
1225 2885 1459 2959 cogitat
1488 2884 1595 2941 uti.
2098 2882 2175 2939 50

312 2965 428 3039 Qui
460 2966 631 3040 cupit
659 2971 768 3022 aut
793 2965 1027 3035 metuit,
1049 2967 1230 3040 juvat
1257 2966 1428 3022 illum
1458 2965 1544 3022 sic
1574 2965 1791 3022 domus
1821 2970 1884 3022 et
1911 2982 2008 3022 res

46 3101 47 3104 ,
313 3043 404 3102 Ut
433 3045 664 3121 lippum
692 3045 889 3120 pictae
919 3046 1181 3116 tabulae,
1215 3046 1483 3104 fomenta
1513 3046 1870 3120 podagram,

46 3109 53 3262 l
314 3124 640 3182 Auriculas
670 3125 938 3183 citharae
968 3126 1219 3184 collecta
1249 3125 1424 3183 sorde
1455 3126 1745 3184 dolentes.

50 3279 53 3320 t
228 3203 625 3316 stincerum
653 3212 749 3263 est
778 3205 898 3263 nisi
928 3224 1057 3277 vas,
1088 3206 1509 3283 quodcumque
1539 3206 1813 3264 infundis
1845 3204 2090 3263 acescit.

373 3345 427 3390 31
450 3346 621 3391 ducere
643 3360 862 3392 somnum
1016 3347 1073 3391 32
1094 3346 1338 3391 hominem
1490 3348 1550 3391 34
1570 3346 1694 3391 nolis
1847 3344 1905 3387 38
1927 3341 2114 3385 oculum

314 3406 369 3451 41
393 3407 590 3452 vivendi
607 3407 693 3468 qui
713 3411 842 3454 teoto
963 3407 1022 3451 46
1044 3407 1253 3465 contigit
1373 3407 1432 3451 46
1454 3407 1496 3450 ie
1517 3406 1657 3458 nihil,
1680 3405 1758 3448 hio
1780 3401 1905 3446 nihil
1927 3398 2181 3444 Lambimoe

628 3510 637 3518 ,
883 3467 941 3523 48
965 3466 1158 3511 deducit
1339 3466 1397 3510 48
1421 3464 1599 3508 febrem
