2367 3784
901 167 1046 214 ms.
1097 167 1178 214 11.
1230 154 1282 228 1,
1317 153 1353 214 2
1941 150 2059 211 161

291 325 375 383 Ne
401 326 655 400 longum
685 326 939 382 faciam:
985 343 1093 382 seu
1122 342 1218 382 me
1248 324 1579 400 tranquilla
1607 332 1889 381 senectus

224 407 530 482 Exspectat
560 423 670 462 seu
701 405 871 463 Mors
902 406 1051 462 atris
1082 405 1481 462 circumvolat
1513 405 1642 475 alis,

227 487 408 555 Dives
440 487 635 560 iuopS,
674 486 924 553 Romae,
957 504 1064 542 seu
1096 486 1221 541 fors
1251 487 1339 542 ita
1359 487 1627 559 jusserit,
1660 484 1817 554 exul,

226 566 487 641 Quisquis
500 567 618 622 erit
634 566 1280 636 vitae,scribam‚color.
1311 567 1540 623 Trebat.
1560 564 1610 623 Ο
1627 570 1864 640 puer,ut
1878 564 1964 620 sis
1988 564 2063 618 60

225 648 427 703 Vitalis
456 653 679 715 metue,
711 656 775 703 et
803 648 1098 719 majorum
1130 665 1203 703 ne
1236 647 1368 721 quis
1398 646 1629 703 amicus

224 726 449 801 Frigore
479 733 538 783 te
570 726 763 783 feriat.
850 727 1063 784 Horat.
1102 726 1279 800 Quid,
1303 744 1439 783 cum
1463 734 1557 782 est
1581 724 1852 782 Lucilius
1876 741 2062 781 ausus

225 807 443 864 Primus
471 807 534 862 in
567 806 727 863 hunc
757 808 955 882 operis
985 823 1344 880 componere
1375 806 1642 863 carmina-
1670 822 1914 873 morem,

225 887 535 943 Detrahere
566 894 629 943 et
656 887 893 962 pellem,
928 887 1160 944 nitidus
1191 906 1310 962 qua
1340 888 1593 962 quisque
1626 902 1730 960 per
1760 902 1865 941 ora
2078 938 2084 944 .

226 966 471 1037 Cederet,
506 967 834 1024 introrsum
865 967 1081 1042 turpis
1113 985 1257 1024 nuru
1292 966 1538 1023 Laelius
1570 974 1675 1022 aut
1705 964 1810 1039 qui
1993 964 2066 1024 65

222 1047 394 1104 Duxit
421 1048 496 1103 ab
526 1064 816 1122 oppressa
846 1048 1130 1104 meritum
1165 1046 1538 1119 Carthagine
1572 1063 1806 1115 nomen,

224 1127 455 1200 Ingenio
486 1127 713 1197 offensi,
749 1136 854 1184 aut
876 1127 1040 1184 laeso
1070 1127 1314 1184 doluere
1346 1126 1597 1183 Metello

224 1205 596 1282 Famosisque
629 1206 804 1282 Lupo
833 1213 1114 1282 cooperto
1145 1204 1468 1264 versibus?
1554 1205 1748 1281 Atqui

225 1286 508 1344 Primores
537 1288 745 1361 populi
776 1287 1032 1362 arripuit
1061 1289 1470 1363 populumque
1501 1285 1792 1356 tributim,

226 1365 442 1424 Scilicet
469 1368 571 1423 uni
605 1385 835 1442 aequus
865 1369 1076 1424 virtuti
1108 1376 1287 1442 atque
1317 1369 1446 1441 ejus
1477 1366 1704 1424 amicis,
1996 1367 2069 1426 70

226 1449 368 1520 Quin
397 1447 494 1503 ubi
525 1465 587 1504 se
619 1465 657 1503 a
686 1448 865 1521 volgo
895 1455 956 1503 et
988 1465 1210 1504 scaena
1239 1448 1301 1504 in
1333 1454 1565 1505 secreta
1592 1446 1898 1503 remorant

224 1526 417 1583 Virtus
446 1527 764 1601 Scipiadae
796 1536 857 1584 et
888 1528 1057 1585 mitis
1088 1528 1386 1603 sapientia
1418 1527 1604 1596 Laeli,

229 1606 442 1682 Nugari
472 1625 606 1665 cum
637 1608 741 1663 illo
771 1615 832 1664 et
861 1608 1141 1665 discincti
1171 1608 1394 1673 ludere,
1427 1608 1617 1665 donec

230 1686 651 1762 Decoqueretur
682 1688 829 1756 oluS,
864 1688 1045 1744 soliti.
1134 1688 1436 1762 Quicquid
1469 1706 1600 1744 sum
1630 1706 1764 1763 ego,
1786 1686 2068 1763 quamvis

230 1767 376 1824 Infra
406 1767 597 1824 Lucili
631 1785 877 1825 censum
911 1768 1359 1843 ingeniumque,
1392 1776 1597 1825 tamen
1626 1787 1721 1825 me
1995 1769 2069 1829 75

232 1847 365 1905 Cum
394 1848 630 1921 magnis
666 1848 887 1905 vixisse
917 1848 1112 1905 invita
1141 1849 1434 1906 fatebitur
1466 1867 1656 1924 usque

231 1927 461 1999 Invidia,
492 1936 570 1998 et,
602 1929 806 2003 fragili
840 1946 1136 2003 quaerens
1169 1929 1399 1986 illidere
1431 1930 1691 1999 dentem,

231 2005 482 2066 Offendet
510 2008 948 2075 solido‚—-nisi
979 2010 1122 2083 quid
1152 2015 1238 2072 tu,
1272 2010 1445 2066 docte
1478 2008 1741 2078 Trebati,

231 2086 524 2145 DissentiS.
573 2089 811 2145 Trebat.
831 2088 1133 2162 Equidem
1152 2089 1304 2145 nihil
1328 2089 1466 2146 hinc
1480 2088 1786 2145 diffindere
1799 2103 2066 2161 possum.

232 2165 332 2224 Sed
359 2173 557 2224 tamen
590 2175 656 2223 ut
685 2168 953 2224 monitus
986 2186 1220 2234 caveas
1255 2187 1328 2225 ne
1359 2170 1509 2225 forte
1541 2168 1746 2241 negoti
1997 2167 2073 2221 80

230 2244 469 2320 Incutiat
497 2247 611 2304 tibi
641 2247 784 2322 quid
816 2254 1162 2304 sanctarum
1197 2247 1443 2305 inscitia
1472 2248 1709 2321 legum:

232 2324 285 2383 Si
311 2328 459 2385 mala
489 2328 826 2385 condiderit
854 2328 915 2383 in
944 2346 1121 2402 quem
1152 2330 1288 2403 quis
1317 2328 1597 2396 carmina,
1621 2328 1724 2400 jus
1752 2332 1849 2383 est

230 2405 265 2462 J
271 2407 646 2483 udiciumque.
693 2408 905 2465 Horat.
933 2408 1102 2477 Este,
1122 2410 1172 2464 si
1196 2409 1332 2483 quis
1351 2407 1539 2479 mala3
1560 2408 1665 2463 sed
1686 2407 1847 2463 bona
1864 2405 1917 2461 si
1939 2405 2073 2480 quis

230 2486 265 2543 J
272 2488 421 2545 udice
450 2487 787 2544 condiderit
815 2487 1098 2544 laudatus
1130 2485 1436 2545 Caesare?
1481 2487 1531 2544 si
1563 2486 1699 2561 quis

234 2564 566 2641 Opprobriis
599 2567 855 2640 dignum
887 2567 1217 2635 latraverit,
1251 2569 1486 2642 integer
1513 2564 1687 2640 ipse?
2001 2569 2072 2624 85

242 2647 452 2704 Trebat.
500 2646 828 2704 Solventur
855 2648 983 2704 risu
1012 2648 1272 2716 tabulae,
1307 2655 1371 2704 tu
1402 2648 1629 2704 missus
1659 2645 1871 2702 abibis,

1106 2837 1187 2895 11.

234 2957 381 3029 Quae
409 2960 602 3017 virtus
631 2965 694 3017 et
722 2966 971 3034 quanta,
1004 2961 1161 3030 boni,
1198 2961 1276 3017 sit
1307 2960 1508 3017 vivere
1536 2977 1744 3034 parVO,

235 3037 374 3109 (Nee
402 3057 568 3097 meus
601 3039 698 3096 hic
729 3057 924 3096 sermo
953 3048 1063 3108 est,
1098 3041 1204 3097 sed
1235 3058 1387 3115 quac
1419 3040 1721 3115 praecepit
1752 3038 1989 3096 Ofellus

233 3115 521 3190 Rusticus,
556 3119 865 3176 abnormis
895 3120 1153 3195 sapienS,
1189 3137 1513 3194 crassaque
1546 3118 1875 3190 Minerva,)

234 3194 462 3270 Discite,
496 3217 617 3256 non
647 3198 806 3254 inter
835 3199 1035 3255 lances
1065 3217 1426 3274 mensasque
1458 3200 1737 3267 nitenteS,

281 3322 330 3364 59
352 3322 514 3366 luserit
527 3323 680 3380 pauci
743 3321 799 3364 65
822 3325 870 3365 et
891 3323 975 3381 qui
1039 3321 1094 3367 71
1119 3336 1263 3366 scena
1327 3322 1382 3367 79
1407 3322 1651 3378 diffingere
1715 3321 1773 3362 84
1792 3318 2021 3384 laudatur

323 3382 375 3425 85
397 3382 677 3427 laceraverit
742 3383 767 3423 1
791 3382 929 3424 bonis
991 3383 1019 3425 2
1042 3395 1183 3441 quem
1248 3383 1274 3424 2
1299 3383 1453 3425 Ofella
1474 3397 1496 3422 e
1520 3382 1637 3423 coni.
1701 3380 1728 3421 3
1753 3378 1970 3421 abnormi

419 3467 542 3514 Hor.
573 3467 628 3513 11
