2367 3784
296 128 421 189 164
840 142 1125 188 ΗοΒΑΤῙ
1176 141 1617 190 sATIRARvM

293 298 616 357 Miscueris
646 300 822 368 elixa,
856 300 1033 356 simul
1065 299 1386 374 conchylia
1415 300 1632 369 turdiS,

293 380 513 438 Dulcia
543 398 606 436 se
637 381 699 436 in
730 380 912 436 bilem
943 385 1200 450 vertent,
1234 380 1666 456 stomachoque
1697 382 2025 440 tumultum
2090 382 2121 442 ’ἵ
2127 385 2162 442 5

295 460 494 518 Lenta
521 463 671 518 seret
700 461 939 536 pituita.
1029 460 1220 517 Vides
1249 469 1317 517 ut
1344 461 1608 535 pallidus
1640 463 1834 518 omnis
1894 492 1899 497 ·

296 542 464 599 Cena
492 541 782 615 desurgat
815 538 1043 597 dubia?
1130 541 1295 614 Quin
1324 558 1540 616 eorpus
1571 547 1857 598 onustum

294 620 618 678 Hesternis
650 622 815 677 vitiis
847 621 1115 678 animum
1146 638 1384 696 quoque
1417 632 1783 696 praegravat
1815 640 1953 694 una,

293 701 500 776 Atque
532 701 721 776 affigit
750 700 933 757 humo
963 701 1212 758 divinae
1242 702 1605 776 particulam
1636 719 1832 759 aurae.

294 781 488 851 Alter,
523 782 624 838 ubi
653 782 816 838 dicto
845 781 1023 838 citius
1054 791 1266 838 curata
1295 782 1497 855 sopori
2087 780 2164 835 80
2240 806 2243 809 “

293 861 573 919 Membra
603 862 787 933 dedit,
821 868 1077 933 vegetus
1106 861 1479 936 praescripta
1511 862 1588 919 ad
1620 863 1830 919 munia
1857 864 2071 937 surgit.

294 941 416 999 Hic
443 950 645 1000 tamen
679 942 756 999 ad
786 943 1001 999 melius
1031 942 1257 1016 poterit
1286 947 1696 999 transcurrere
1727 943 2051 1018 quondam,

294 1022 435 1080 Sive
467 1023 624 1080 diem
657 1023 878 1079 festum
911 1022 1151 1078 rediens
1182 1023 1497 1080 advexerit
1528 1040 1739 1093 annue,

295 1102 417 1161 Seu
445 1121 709 1160 recreare
742 1103 908 1160 volet
938 1108 1259 1159 tenuatum
1292 1120 1524 1178 corpus,
1559 1103 1779 1179 ubique

294 1183 607 1241 Accedent
638 1183 778 1240 anni
809 1192 872 1239 et
901 1183 1150 1239 tractari
1183 1183 1425 1239 mollius
1457 1190 1627 1240 aetas

292 1264 610 1320 Imbecilla
638 1263 841 1336 volet;
885 1263 997 1319 tibi
1028 1263 1318 1338 quidnam
1352 1265 1594 1321 accedet
1623 1264 1700 1321 ad
1732 1264 1933 1336 istam,
2089 1261 2166 1316 85

295 1345 495 1417 Quam
525 1362 674 1419 puer
704 1350 767 1400 et
796 1342 1037 1400 validus
1066 1346 1426 1419 praesumis,
1460 1344 1793 1414 mollitiem,
1825 1363 1934 1402 seu

295 1423 465 1481 Dura
495 1423 781 1481 valetudo
812 1424 1089 1481 inciderit
1119 1442 1227 1480 seu
1257 1425 1433 1482 tarda
1461 1423 1784 1482 senectus?

294 1505 644 1562 Rancidum
675 1521 887 1580 aprum
919 1505 1154 1579 antiqui
1185 1504 1537 1575 laudabant,
1571 1522 1692 1562 non
1722 1505 1864 1580 quia
1891 1523 2082 1564 nasus

294 1585 429 1642 Illis
459 1586 661 1642 nullus
691 1590 838 1655 erat,
865 1584 988 1653 sed,
1022 1585 1218 1654 cred0,
1248 1585 1360 1643 hac
1394 1591 1610 1655 mente,
1637 1586 1797 1661 quod
1828 1586 2051 1661 hospes
2087 1589 2169 1645 90

294 1666 554 1724 Tardius
585 1666 918 1723 adveniens
948 1665 1233 1722 vitiatum
1265 1665 1640 1723 commodius
1670 1684 1850 1742 quam

292 1748 611 1821 Integrum
633 1746 788 1803 edax
810 1745 1092 1803 dominus
1117 1757 1513 1804 consumeret.
1587 1747 1723 1804 Hos
1747 1747 1980 1804 utinam
2003 1747 2173 1804 inter

295 1827 536 1885 Heroas
567 1833 780 1885 natum
811 1827 991 1884 tellus
1020 1844 1116 1883 me
1147 1828 1345 1903 prima
1375 1827 1649 1886 tulisset!

294 1909 422 1966 Das
454 1909 681 1985 aliquid
712 1909 927 1976 famae,
961 1927 1115 1985 quae
1140 1912 1401 1967 carmine
1432 1911 1663 1986 gratior
1693 1928 1898 1967 aurem

295 1989 568 2065 Occupat
599 1987 972 2047 humanam?
1060 1988 1338 2048 Grandes
1368 1992 1602 2048 rhombi
1632 1993 1996 2066 patinaeque
2093 1994 2173 2049 95

296 2069 537 2128 Grande
569 2071 770 2128 ferunt
799 2088 921 2127 una
951 2089 1088 2127 cum
1121 2072 1343 2129 damno
1374 2073 1635 2130 dedecus
1663 2095 1676 2145 ;
1721 2072 1875 2128 adde

292 2151 526 2208 Iratum
557 2158 857 2226 patruum,
892 2152 1141 2221 vicinos,
1174 2157 1234 2209 te
1264 2152 1374 2209 tibi
1406 2153 1679 2227 iniquum

294 2230 378 2288 Et
408 2232 634 2288 frustra
662 2233 877 2289 mortis
905 2232 1211 2308 cupidum,
1244 2250 1377 2290 eum
1411 2233 1599 2290 deerit
1627 2230 1831 2307 egenti

296 2311 404 2380 As,
437 2312 633 2388 laquei
664 2313 939 2388 pretium.
1030 2318 1063 2341 ‘⁴
1083 2314 1295 2381 Jure,''
1326 2313 1539 2388 inquit,
1576 2316 1607 2342 ‘⁴
1630 2313 1923 2370 'Pi-ansius
1953 2312 2101 2370 istis

293 2392 595 2467 Jurgatur
627 2391 861 2464 verbis3
905 2404 1019 2466 ego
1049 2394 1376 2468 vectigalia
1405 2411 1628 2468 magna
2052 2396 2182 2454 100

294 2472 677 2548 Divitiasque
711 2472 904 2529 habeo
935 2473 1131 2530 tribus
1161 2474 1396 2549 amplas
1424 2475 1729 2548 regibu8.’'
1813 2472 1981 2547 Ergo

297 2554 473 2627 Quod
505 2560 754 2627 superat
784 2571 902 2610 non
933 2561 1028 2610 est
1057 2555 1274 2611 melius
1305 2572 1423 2629 quo
1455 2555 1753 2611 insumere
1783 2551 2030 2629 possis?

297 2633 423 2690 Cur
448 2640 589 2707 eget
621 2633 907 2707 indignus
938 2634 1258 2709 quisquam
1291 2641 1351 2691 te
1381 2633 1614 2692 divite?
1702 2635 1903 2708 Quare

296 2712 550 2789 Templa
580 2722 762 2771 ruunt
790 2715 1042 2789 antiqua
1071 2712 1297 2772 desim?
1385 2715 1527 2782 Cur,
1559 2715 1846 2789 improbe,
1878 2730 2051 2771 carae

296 2793 435 2850 Non
468 2794 694 2869 aliquid
723 2795 957 2869 patriae
987 2800 1161 2851 tanto
1192 2795 1464 2852 emetiris
1495 2793 1747 2851 acervo?
2068 2790 2193 2846 105

295 2871 418 2929 Uni
448 2875 731 2930 nimirum
764 2882 921 2931 reete
953 2875 1065 2931 tibi
1097 2892 1335 2949 semper
1363 2885 1539 2932 erunt
1571 2892 1683 2944 ree,

290 2949 349 3010 '0
383 2971 641 3028 magnus
672 2955 929 3027 posthac
960 2955 1221 3012 inimicis
1250 2954 1441 3012 risus!
1528 2955 1760 3012 Uterne

295 3033 398 3092 Ad
429 3052 607 3092 casus
638 3034 854 3091 dubios
885 3035 1026 3092 fidet
1057 3035 1172 3091 sibi
1206 3033 1473 3092 certius?
1518 3034 1612 3092 hic
1642 3035 1747 3111 qui

297 3112 585 3171 Pluribus
617 3115 889 3172 adsuerit
919 3121 1181 3173 mentem
1213 3133 1545 3191 corpusque
1576 3115 1920 3191 superbum,

357 3274 414 3320 77
436 3289 585 3319 caena
707 3274 762 3321 '79
787 3275 958 3331 affligit
1078 3276 1135 3319 83
1158 3276 1416 3319 adduxerit
1539 3277 1595 3320 95
1619 3279 1817 3336 occupet
1939 3275 1998 3320 99
2023 3288 2115 3322 aes

532 3336 589 3379 99
613 3335 773 3394 inquis
787 3336 1022 3392 perpauci
1145 3337 1232 3379 106
1256 3340 1416 3380 rectae
1535 3337 1620 3380 106
1643 3342 1761 3381 eunt
1780 3352 1803 3380 e
1826 3337 1933 3380 coni
