2367 3784
1085 141 1233 189 Lm.
1279 141 1361 189 11.
1407 127 1446 189 2
2076 127 2200 189 229

342 302 500 374 Quin
529 301 718 358 etiam
750 305 940 370 canet,
975 299 1306 370 indoctum,
1340 300 1446 357 sed
1476 299 1650 358 dulce
1680 297 1942 357 bibenti:

339 381 538 438 Multa
568 381 745 438 fidem
777 380 1081 455 promissa
1112 379 1335 449 levant,
1369 380 1485 436 ubi»
1502 380 1742 454 plenius
1773 397 1964 455 aequo
2130 383 2203 439 10
2264 445 2271 453 ,

340 461 582 518 Laudat
614 461 877 530 venaleS‚
912 461 1017 535 qui
1050 460 1178 517 volt
1207 460 1538 529 extrudere,
1571 476 1817 516 merces,

340 540 463 598 Res
493 547 673 615 urget
702 559 797 597 me
828 540 995 597 nulla
1020 560 1035 613 ;
1079 557 1215 597 meo
1246 557 1378 596 sum
1413 557 1643 615 pauper
1672 539 1732 595 in
1764 557 1912 597 aere.

338 621 395 678 N
401 639 533 679 cmo
564 621 677 678 hoc
709 638 1079 694 mangonum
1112 621 1337 678 faceret
1367 620 1513 692 tibi3
1556 638 1676 677 non
1705 625 1931 677 temere
1963 639 1999 677 a
2026 637 2121 679 me

341 702 556 774 Quivis
585 702 767 758 ferret
795 702 973 758 idem.
1065 699 1263 757 Semel
1295 700 1392 757 hic
1421 701 1701 770 cessavit,
1733 706 1811 770 et,
1843 708 1913 757 ut
1942 701 2024 772 fit,

336 781 410 838 In
439 782 622 839 scalis
652 782 835 839 latuit
863 786 1143 838 metuens
1172 781 1496 856 pendentis
1527 779 1796 837 habenae
1817 803 1830 839 z
1850 783 1966 822 ''—
2130 785 2201 840 15

337 862 460 919 Des
491 879 786 932 nummosi,
819 867 1072 937 excepta
1100 861 1253 918 nihil
1284 866 1345 918 te
1377 861 1429 917 si
1459 862 1606 935 fuga
1636 861 1856 932 laedat,

336 941 444 999 Ille
476 942 632 999 ferat
659 942 922 1016 pretium
953 959 1186 1016 poenae
1220 958 1482 1012 securus,
1514 942 1761 1016 opinor;

336 1021 611 1079 Prudens
640 1022 843 1079 emisti
875 1022 1167 1079 vitiosum
1192 1041 1205 1093 ς
1252 1021 1415 1078 dicta
1445 1021 1557 1077 tibi
1586 1027 1680 1078 est
1710 1020 1842 1080 lex:

335 1101 681 1178 Insequeris
712 1109 919 1160 tamen
950 1101 1112 1159 hunc
1141 1108 1205 1159 et
1236 1102 1339 1158 lite
1370 1102 1626 1159 moraris
1655 1100 1906 1177 iniqua?

335 1181 475 1238 Dixi
510 1201 603 1240 me
634 1183 877 1257 pigrum
908 1182 1314 1258 proficiscenti
1343 1182 1473 1252 tibi,
1507 1182 1632 1239 dixi
2128 1187 2203 1242 20

333 1262 580 1320 Talibus
611 1262 818 1319 officiis
846 1280 1033 1338 prope
1065 1280 1368 1333 mancum,
1403 1280 1475 1319 ne
1505 1280 1642 1320 mea
1670 1280 1893 1320 saevus

331 1342 372 1400 J
379 1360 623 1417 urgares
655 1343 730 1400 ad
762 1348 822 1399 te
853 1343 1015 1417 quod
1047 1342 1314 1417 epistula
1343 1342 1510 1399 nulla
1539 1343 1775 1401 rediret.

333 1423 493 1495 Quid
523 1429 653 1480 tum
684 1423 924 1498 profeci,
960 1440 1199 1480 mecum
1231 1422 1514 1480 facientia
1530 1425 1672 1497 jura

331 1502 394 1560 Si
425 1509 629 1561 tamen
660 1508 994 1577 attemptas
1020 1501 1044 1559 Υ
1133 1503 1418 1575 Quereris
1448 1520 1629 1578 super
1656 1502 1771 1561 hoc
1800 1504 2005 1575 etiam,
2039 1506 2201 1580 quod

329 1583 700 1659 Exspectata
729 1583 840 1640 tibi
875 1600 996 1639 non
1029 1583 1272 1639 mittam
1302 1584 1573 1640 carmina
1602 1585 1879 1642 mendax.
2127 1589 2201 1644 25

330 1662 565 1720 Luculli
596 1663 769 1720 miles
800 1663 1055 1721 collecta
1086 1662 1313 1719 viatica
1340 1663 1550 1721 multis

329 1743 671 1813 AerumniS,
705 1744 908 1800 lassus
942 1744 1089 1800 dum
1122 1750 1306 1800 noctu
1336 1743 1552 1812 stertit,
1586 1744 1661 1801 ad
1695 1762 1894 1802 assem

330 1822 719 1881 Perdiderat:
762 1828 904 1899 post
936 1822 1051 1881 hoc
1082 1823 1412 1880 vehemens
1442 1823 1620 1898 lupus
1650 1831 1712 1881 et
1742 1825 1860 1881 sibi
1889 1831 1952 1882 et
1979 1824 2147 1882 hosti

333 1904 536 1960 Iratus
565 1905 811 1978 pariter,
835 1904 1063 1976 jejunis
1095 1904 1381 1960 dentibus
1413 1921 1562 1974 acer,

331 1983 713 2040 Praesidium
745 1984 949 2058 regale
981 1983 1114 2040 loco
1146 1983 1380 2056 dejecit,
1413 1990 1481 2040 ut
1513 1983 1700 2055 aiunt,
2127 1990 2201 2045 30

331 2062 574 2121 Summe
606 2065 842 2121 munito
874 2069 936 2120 et
967 2063 1300 2120 multarum
1332 2063 1521 2121 divite
1551 2082 1769 2121 rerum.

332 2142 546 2200 Clarus
578 2144 653 2201 ob
684 2144 744 2200 id
776 2144 1006 2201 factum
1041 2143 1220 2200 donis
1251 2151 1498 2211 ornatur
1527 2143 1817 2215 honestiS,

331 2223 574 2297 Accipit
602 2230 665 2280 et
695 2224 788 2281 bis
823 2225 980 2281 dena
1012 2241 1196 2299 super
1226 2224 1509 2281 sestertia
1539 2241 1868 2282 nummum.

332 2302 512 2359 Forte
545 2304 658 2360 sub
691 2303 802 2361 hoc
833 2310 1080 2378 tempus
1113 2304 1431 2361 castellum
1459 2311 1728 2362 evertere
1755 2311 1998 2379 praetor

331 2382 549 2441 Nescio
580 2384 739 2458 quod
770 2385 1022 2458 cupiens
1057 2384 1283 2441 hortari
1314 2385 1510 2459 coepit
1538 2385 1798 2442 eundem
2123 2390 2198 2447 35

236 2477 245 2486 ·
331 2462 567 2531 Verbis,
601 2483 754 2539 quae
786 2464 1004 2521 timido
1037 2481 1276 2539 quoque
1307 2471 1560 2540 possent
1589 2466 1806 2523 addere
1837 2474 2139 2526 mentem:

333 2548 366 2571 ‘¹
387 2542 435 2613 Ι,
470 2544 642 2612 bone,
676 2562 793 2618 quo
826 2545 1023 2601 virtus
1056 2551 1164 2601 tua
1195 2551 1254 2601 te
1286 2551 1482 2616 vocat,
1515 2546 1534 2601 i
1564 2546 1715 2619 pede
1745 2546 1964 2617 faustO,

333 2622 602 2681 Grandia
631 2624 867 2681 laturus
899 2624 1257 2681 meritorum
1287 2624 1681 2699 praemiai—
1700 2627 1843 2700 quid
1875 2627 2050 2685 stas?
2074 2631 2108 2662 ”

244 2660 289 2854 l
334 2703 482 2761 Post
513 2704 659 2761 haec
691 2705 790 2761 ille
821 2711 1009 2776 catuS,
1045 2706 1445 2779 quantumvis
1473 2706 1756 2776 rusticuS,
1792 2712 1824 2736 ‘⁴
1851 2706 1989 2780 Ibit,

331 2783 456 2840 Ibit
485 2803 571 2852 cc,
605 2803 724 2860 quo
757 2785 868 2854 via,
902 2786 1006 2860 qui
1038 2803 1253 2842 zonam
1284 2785 1608 2860 perdidit,’'
1639 2785 1852 2861 inquit.
2122 2793 2197 2847 40

333 2863 566 2921 Romae
597 2865 811 2922 nutriri
846 2865 995 2922 mihi
1029 2867 1305 2940 contigit,
1341 2872 1523 2940 atque
1554 2866 1755 2922 doceri

332 2943 533 3001 Iratus
567 2944 745 3003 Grais
777 2952 1072 3020 quantum
1104 2945 1412 3003 nocuisset
1444 2944 1733 3003 Achilles,

334 3024 622 3095 Adjecere
652 3026 844 3082 bonae
875 3025 1056 3099 paulo
1086 3026 1225 3100 plus
1256 3026 1402 3082 artis
1435 3025 1734 3097 Athenae,

336 3102 576 3162 Scilicet
604 3111 672 3162 ut
701 3123 943 3179 possem
973 3123 1153 3162 curvo
1185 3106 1494 3163 dinoscere
1525 3113 1773 3176 rectum,

333 3184 538 3259 Atque
569 3186 726 3243 inter
758 3184 949 3242 silvas
979 3185 1278 3242 Academi
1310 3203 1594 3261 quaerere
1626 3204 1850 3244 verum.
2118 3192 2191 3247 45

404 3337 454 3380 11
481 3338 733 3380 excludere
843 3338 899 3381 16
921 3338 1072 3381 laedit
1179 3338 1237 3381 22
1260 3338 1465 3397 epistola
1569 3338 1626 3381 22
1649 3339 1834 3381 veniret
1938 3338 1994 3379 23
2017 3341 2132 3381 tuno

438 3398 496 3441 24
517 3400 728 3440 attentas
793 3398 849 3440 32
873 3397 1047 3458 opimis
1110 3399 1167 3441 42
1194 3398 1352 3441 Graiis
1415 3399 1475 3440 44
1496 3398 1666 3440 vellem
1728 3398 1788 3439 44
1809 3396 2087 3450 dignoscere
