<?xml version="1.0" encoding="UTF-8"?>
<!DOCTYPE html PUBLIC "-//W3C//DTD XHTML 1.0 Transitional//EN"
    "http://www.w3.org/TR/xhtml1/DTD/xhtml1-transitional.dtd">
<html xmlns="http://www.w3.org/1999/xhtml" xml:lang="en" lang="en">
 <head>
  <title>
</title>
<meta http-equiv="Content-Type" content="text/html;charset=utf-8" />
  <meta name='ocr-system' content='tesseract 3.04.00' />
  <meta name='ocr-capabilities' content='ocr_page ocr_carea ocr_par ocr_line ocrx_word'/>
</head>
<body>
  <div class='ocr_page' id='page_1' title='image "./workshorace02chasgoog_0245.png"; bbox 0 0 2367 3784; ppageno 0'>
   <div class='ocr_carea' id='block_1_1' title="bbox 204 643 257 742">
    <p class='ocr_par' dir='ltr' id='par_1_1' title="bbox 204 643 257 742">
     <span class='ocr_line' id='line_1_1' title="bbox 204 643 257 742; baseline -0.17 0"><span class='ocrx_word' id='word_1_1' title='bbox 204 643 257 742; x_wconf 80' lang='lat' dir='ltr'>ll</span> 
     </span>
    </p>
   </div>
   <div class='ocr_carea' id='block_1_2' title="bbox 979 87 2170 161">
    <p class='ocr_par' dir='ltr' id='par_1_2' title="bbox 979 87 2170 161">
     <span class='ocr_line' id='line_1_2' title="bbox 979 87 2170 161; baseline 0.003 -4"><span class='ocrx_word' id='word_1_2' title='bbox 979 112 1119 158; x_wconf 70' lang='lat' dir='ltr'>Ans</span> <span class='ocrx_word' id='word_1_3' title='bbox 1170 112 1491 158; x_wconf 75' lang='lat' dir='ltr'>romqu</span> <span class='ocrx_word' id='word_1_4' title='bbox 1541 87 1574 153; x_wconf 65' lang='lat' dir='ltr'>s</span> <span class='ocrx_word' id='word_1_5' title='bbox 2044 98 2170 161; x_wconf 81' lang='lat'>239</span> 
     </span>
    </p>
   </div>
   <div class='ocr_carea' id='block_1_3' title="bbox 304 270 1651 426">
    <p class='ocr_par' dir='ltr' id='par_1_3' title="bbox 304 270 1651 426">
     <span class='ocr_line' id='line_1_3' title="bbox 304 270 1651 351; baseline 0.001 -23"><span class='ocrx_word' id='word_1_6' title='bbox 304 270 400 329; x_wconf 85' lang='lat' dir='ltr'>Sit</span> <span class='ocrx_word' id='word_1_7' title='bbox 429 271 651 328; x_wconf 83' lang='lat' dir='ltr'>Medea</span> <span class='ocrx_word' id='word_1_8' title='bbox 679 271 847 329; x_wconf 83' lang='lat' dir='ltr'>ferox</span> <span class='ocrx_word' id='word_1_9' title='bbox 874 270 1238 351; x_wconf 83' lang='lat' dir='ltr'>invictaque,</span> <span class='ocrx_word' id='word_1_10' title='bbox 1272 270 1488 328; x_wconf 91' lang='lat' dir='ltr'>flebilis</span> <span class='ocrx_word' id='word_1_11' title='bbox 1519 271 1651 342; x_wconf 90' lang='lat' dir='ltr'>Ino,</span> 
     </span>
     <span class='ocr_line' id='line_1_4' title="bbox 304 350 1651 426; baseline 0 -17"><span class='ocrx_word' id='word_1_12' title='bbox 304 350 582 409; x_wconf 88' lang='lat' dir='ltr'>Perfidus</span> <span class='ocrx_word' id='word_1_13' title='bbox 612 352 806 422; x_wconf 84' lang='lat' dir='ltr'><strong>Ixion,</strong></span> <span class='ocrx_word' id='word_1_14' title='bbox 839 351 911 409; x_wconf 92' lang='lat' dir='ltr'>Io</span> <span class='ocrx_word' id='word_1_15' title='bbox 942 370 1118 426; x_wconf 88' lang='lat' dir='ltr'>vaga,</span> <span class='ocrx_word' id='word_1_16' title='bbox 1152 352 1351 408; x_wconf 89' lang='lat' dir='ltr'>tristis</span> <span class='ocrx_word' id='word_1_17' title='bbox 1383 350 1651 409; x_wconf 77' lang='lat' dir='ltr'><strong>Orestes,</strong></span> 
     </span>
    </p>
   </div>
   <div class='ocr_carea' id='block_1_4' title="bbox 306 430 2175 1549">
    <p class='ocr_par' dir='ltr' id='par_1_4' title="bbox 306 430 2172 581">
     <span class='ocr_line' id='line_1_5' title="bbox 307 430 2172 507; baseline 0 -18"><span class='ocrx_word' id='word_1_18' title='bbox 307 430 373 489; x_wconf 86' lang='lat' dir='ltr'>Si</span> <span class='ocrx_word' id='word_1_19' title='bbox 402 432 547 506; x_wconf 92' lang='lat' dir='ltr'>quid</span> <span class='ocrx_word' id='word_1_20' title='bbox 577 432 958 507; x_wconf 85' lang='lat' dir='ltr'>inexpertum</span> <span class='ocrx_word' id='word_1_21' title='bbox 988 450 1245 489; x_wconf 86' lang='lat' dir='ltr'>scaenae</span> <span class='ocrx_word' id='word_1_22' title='bbox 1275 431 1606 489; x_wconf 77' lang='lat' dir='ltr'>committis</span> <span class='ocrx_word' id='word_1_23' title='bbox 1635 437 1698 489; x_wconf 90' lang='lat' dir='ltr'>et</span> <span class='ocrx_word' id='word_1_24' title='bbox 1728 432 1918 489; x_wconf 87' lang='lat' dir='ltr'>audes</span> <span class='ocrx_word' id='word_1_25' title='bbox 2061 434 2172 490; x_wconf 85' lang='lat'>125</span> 
     </span>
     <span class='ocr_line' id='line_1_6' title="bbox 306 512 1840 581; baseline 0 -12"><span class='ocrx_word' id='word_1_26' title='bbox 306 512 641 569; x_wconf 83' lang='lat' dir='ltr'>Personam</span> <span class='ocrx_word' id='word_1_27' title='bbox 669 513 927 569; x_wconf 86' lang='lat' dir='ltr'>formare</span> <span class='ocrx_word' id='word_1_28' title='bbox 958 529 1203 581; x_wconf 85' lang='lat' dir='ltr'>novam,</span> <span class='ocrx_word' id='word_1_29' title='bbox 1237 517 1512 569; x_wconf 89' lang='lat' dir='ltr'>servetur</span> <span class='ocrx_word' id='word_1_30' title='bbox 1544 512 1619 569; x_wconf 89' lang='lat' dir='ltr'>ad</span> <span class='ocrx_word' id='word_1_31' title='bbox 1650 513 1840 569; x_wconf 89' lang='lat' dir='ltr'>imum</span> 
     </span>
    </p>

    <p class='ocr_par' dir='ltr' id='par_1_5' title="bbox 311 591 1833 668">
     <span class='ocr_line' id='line_1_7' title="bbox 311 591 1833 668; baseline 0.001 -21"><span class='ocrx_word' id='word_1_32' title='bbox 311 591 525 664; x_wconf 81' lang='lat' dir='ltr'>Qualis</span> <span class='ocrx_word' id='word_1_33' title='bbox 557 592 633 648; x_wconf 89' lang='lat' dir='ltr'>ab</span> <span class='ocrx_word' id='word_1_34' title='bbox 660 592 901 666; x_wconf 86' lang='lat' dir='ltr'>incepto</span> <span class='ocrx_word' id='word_1_35' title='bbox 930 592 1311 668; x_wconf 86' lang='lat' dir='ltr'>processerit,</span> <span class='ocrx_word' id='word_1_36' title='bbox 1344 599 1406 648; x_wconf 89' lang='lat' dir='ltr'>et</span> <span class='ocrx_word' id='word_1_37' title='bbox 1436 592 1551 649; x_wconf 89' lang='lat' dir='ltr'>sibi</span> <span class='ocrx_word' id='word_1_38' title='bbox 1580 597 1833 650; x_wconf 85' lang='lat' dir='ltr'>constet.</span> 
     </span>
    </p>

    <p class='ocr_par' dir='ltr' id='par_1_6' title="bbox 307 671 1826 748">
     <span class='ocr_line' id='line_1_8' title="bbox 307 671 1826 748; baseline 0.001 -20"><span class='ocrx_word' id='word_1_39' title='bbox 307 671 562 728; x_wconf 88' lang='lat' dir='ltr'>Difficile</span> <span class='ocrx_word' id='word_1_40' title='bbox 593 678 688 729; x_wconf 87' lang='lat' dir='ltr'>est</span> <span class='ocrx_word' id='word_1_41' title='bbox 713 672 951 748; x_wconf 86' lang='lat' dir='ltr'>proprie</span> <span class='ocrx_word' id='word_1_42' title='bbox 982 672 1327 729; x_wconf 88' lang='lat' dir='ltr'>communia</span> <span class='ocrx_word' id='word_1_43' title='bbox 1359 672 1556 729; x_wconf 85' lang='lat' dir='ltr'>dicere</span> <span class='ocrx_word' id='word_1_44' title='bbox 1581 693 1595 745; x_wconf 83' lang='lat'><em>3</em></span> <span class='ocrx_word' id='word_1_45' title='bbox 1638 677 1826 748; x_wconf 87' lang='lat' dir='ltr'>tuque</span> 
     </span>
    </p>

    <p class='ocr_par' dir='ltr' id='par_1_7' title="bbox 309 751 1715 822">
     <span class='ocr_line' id='line_1_9' title="bbox 309 751 1715 822; baseline 0.001 -13"><span class='ocrx_word' id='word_1_46' title='bbox 309 751 563 810; x_wconf 82' lang='lat' dir='ltr'>Rectius</span> <span class='ocrx_word' id='word_1_47' title='bbox 594 752 851 809; x_wconf 88' lang='lat' dir='ltr'>Iliacum</span> <span class='ocrx_word' id='word_1_48' title='bbox 882 769 1124 809; x_wconf 89' lang='lat' dir='ltr'>carmen</span> <span class='ocrx_word' id='word_1_49' title='bbox 1153 751 1403 809; x_wconf 83' lang='lat' dir='ltr'>deducis</span> <span class='ocrx_word' id='word_1_50' title='bbox 1435 752 1496 808; x_wconf 92' lang='lat' dir='ltr'>in</span> <span class='ocrx_word' id='word_1_51' title='bbox 1528 759 1715 822; x_wconf 74' lang='lat' dir='ltr'>actuS,</span> 
     </span>
    </p>

    <p class='ocr_par' dir='ltr' id='par_1_8' title="bbox 311 831 2175 988">
     <span class='ocr_line' id='line_1_10' title="bbox 311 831 2175 908; baseline 0.002 -20"><span class='ocrx_word' id='word_1_52' title='bbox 311 831 506 905; x_wconf 81' lang='lat' dir='ltr'>Quam</span> <span class='ocrx_word' id='word_1_53' title='bbox 538 833 589 889; x_wconf 92' lang='lat' dir='ltr'>si</span> <span class='ocrx_word' id='word_1_54' title='bbox 618 833 916 907; x_wconf 87' lang='lat' dir='ltr'>proferres</span> <span class='ocrx_word' id='word_1_55' title='bbox 943 832 1159 906; x_wconf 86' lang='lat' dir='ltr'>ignota</span> <span class='ocrx_word' id='word_1_56' title='bbox 1187 832 1531 907; x_wconf 87' lang='lat' dir='ltr'>indictaque</span> <span class='ocrx_word' id='word_1_57' title='bbox 1559 833 1810 908; x_wconf 77' lang='lat' dir='ltr'>primUS.</span> <span class='ocrx_word' id='word_1_58' title='bbox 2065 836 2175 892; x_wconf 88' lang='lat'>130</span> 
     </span>
     <span class='ocr_line' id='line_1_11' title="bbox 311 911 1566 988; baseline -0.001 -19"><span class='ocrx_word' id='word_1_59' title='bbox 311 911 562 969; x_wconf 85' lang='lat' dir='ltr'><strong>Publica</strong></span> <span class='ocrx_word' id='word_1_60' title='bbox 591 912 881 970; x_wconf 84' lang='lat' dir='ltr'>materies</span> <span class='ocrx_word' id='word_1_61' title='bbox 902 912 1130 987; x_wconf 87' lang='lat' dir='ltr'>privati</span> <span class='ocrx_word' id='word_1_62' title='bbox 1161 914 1320 988; x_wconf 88' lang='lat' dir='ltr'>juris</span> <span class='ocrx_word' id='word_1_63' title='bbox 1347 914 1478 983; x_wconf 87' lang='lat' dir='ltr'>erit,</span> <span class='ocrx_word' id='word_1_64' title='bbox 1513 913 1566 970; x_wconf 92' lang='lat' dir='ltr'>si</span> 
     </span>
    </p>

    <p class='ocr_par' dir='ltr' id='par_1_9' title="bbox 309 991 1891 1068">
     <span class='ocr_line' id='line_1_12' title="bbox 309 991 1891 1068; baseline 0.001 -19"><span class='ocrx_word' id='word_1_65' title='bbox 309 991 368 1049; x_wconf 90' lang='lat' dir='ltr'>N</span> <span class='ocrx_word' id='word_1_66' title='bbox 375 1010 451 1049; x_wconf 90' lang='lat' dir='ltr'>on</span> <span class='ocrx_word' id='word_1_67' title='bbox 481 993 637 1050; x_wconf 89' lang='lat' dir='ltr'>circa</span> <span class='ocrx_word' id='word_1_68' title='bbox 667 994 850 1049; x_wconf 86' lang='lat' dir='ltr'>vilem</span> <span class='ocrx_word' id='word_1_69' title='bbox 878 993 1277 1068; x_wconf 87' lang='lat' dir='ltr'>patulumque</span> <span class='ocrx_word' id='word_1_70' title='bbox 1304 992 1638 1050; x_wconf 81' lang='lat' dir='ltr'>moraberis</span> <span class='ocrx_word' id='word_1_71' title='bbox 1667 993 1891 1063; x_wconf 88' lang='lat' dir='ltr'>orbem,</span> 
     </span>
    </p>

    <p class='ocr_par' dir='ltr' id='par_1_10' title="bbox 308 1071 1670 1141">
     <span class='ocr_line' id='line_1_13' title="bbox 308 1071 1670 1141; baseline 0.001 -13"><span class='ocrx_word' id='word_1_72' title='bbox 308 1071 438 1129; x_wconf 90' lang='lat' dir='ltr'>Nec</span> <span class='ocrx_word' id='word_1_73' title='bbox 467 1074 652 1141; x_wconf 85' lang='lat' dir='ltr'>verbo</span> <span class='ocrx_word' id='word_1_74' title='bbox 680 1073 933 1130; x_wconf 82' lang='lat' dir='ltr'>verbum</span> <span class='ocrx_word' id='word_1_75' title='bbox 963 1074 1206 1130; x_wconf 89' lang='lat' dir='ltr'>curabis</span> <span class='ocrx_word' id='word_1_76' title='bbox 1232 1073 1480 1130; x_wconf 87' lang='lat' dir='ltr'>reddere</span> <span class='ocrx_word' id='word_1_77' title='bbox 1515 1073 1670 1130; x_wconf 89' lang='lat' dir='ltr'>fidus</span> 
     </span>
    </p>

    <p class='ocr_par' dir='ltr' id='par_1_11' title="bbox 310 1151 1691 1226">
     <span class='ocr_line' id='line_1_14' title="bbox 310 1151 1691 1226; baseline 0.001 -18"><span class='ocrx_word' id='word_1_78' title='bbox 310 1151 636 1226; x_wconf 80' lang='lat' dir='ltr'>InterpreS‚</span> <span class='ocrx_word' id='word_1_79' title='bbox 668 1171 777 1211; x_wconf 90' lang='lat' dir='ltr'>nec</span> <span class='ocrx_word' id='word_1_80' title='bbox 806 1153 1049 1210; x_wconf 88' lang='lat' dir='ltr'>desilies</span> <span class='ocrx_word' id='word_1_81' title='bbox 1078 1153 1352 1210; x_wconf 80' lang='lat' dir='ltr'>imitator</span> <span class='ocrx_word' id='word_1_82' title='bbox 1380 1154 1441 1210; x_wconf 89' lang='lat' dir='ltr'>in</span> <span class='ocrx_word' id='word_1_83' title='bbox 1474 1159 1691 1223; x_wconf 89' lang='lat' dir='ltr'>artum,</span> 
     </span>
    </p>

    <p class='ocr_par' dir='ltr' id='par_1_12' title="bbox 309 1231 2174 1389">
     <span class='ocr_line' id='line_1_15' title="bbox 311 1231 2174 1309; baseline 0.002 -20"><span class='ocrx_word' id='word_1_84' title='bbox 311 1231 491 1289; x_wconf 87' lang='lat' dir='ltr'>Unde</span> <span class='ocrx_word' id='word_1_85' title='bbox 519 1234 734 1309; x_wconf 88' lang='lat' dir='ltr'>pedem</span> <span class='ocrx_word' id='word_1_86' title='bbox 762 1234 1028 1308; x_wconf 87' lang='lat' dir='ltr'>proferre</span> <span class='ocrx_word' id='word_1_87' title='bbox 1055 1234 1254 1308; x_wconf 89' lang='lat' dir='ltr'>pudor</span> <span class='ocrx_word' id='word_1_88' title='bbox 1281 1239 1448 1291; x_wconf 85' lang='lat' dir='ltr'>vetet</span> <span class='ocrx_word' id='word_1_89' title='bbox 1479 1238 1585 1290; x_wconf 87' lang='lat' dir='ltr'>aut</span> <span class='ocrx_word' id='word_1_90' title='bbox 1614 1231 1814 1308; x_wconf 83' lang='lat' dir='ltr'>operis</span> <span class='ocrx_word' id='word_1_91' title='bbox 1840 1233 1954 1292; x_wconf 85' lang='lat' dir='ltr'>lex.</span> <span class='ocrx_word' id='word_1_92' title='bbox 2064 1235 2174 1292; x_wconf 84' lang='lat'>135</span> 
     </span>
     <span class='ocr_line' id='line_1_16' title="bbox 309 1311 1752 1389; baseline 0.003 -21"><span class='ocrx_word' id='word_1_93' title='bbox 309 1311 369 1368; x_wconf 89' lang='lat' dir='ltr'>N</span> <span class='ocrx_word' id='word_1_94' title='bbox 372 1330 439 1369; x_wconf 89' lang='lat' dir='ltr'>ec</span> <span class='ocrx_word' id='word_1_95' title='bbox 468 1314 555 1370; x_wconf 90' lang='lat' dir='ltr'>sic</span> <span class='ocrx_word' id='word_1_96' title='bbox 582 1314 851 1389; x_wconf 77' lang='lat' dir='ltr'>incipieS,</span> <span class='ocrx_word' id='word_1_97' title='bbox 884 1319 954 1370; x_wconf 90' lang='lat' dir='ltr'>ut</span> <span class='ocrx_word' id='word_1_98' title='bbox 982 1314 1247 1388; x_wconf 79' lang='lat' dir='ltr'>scriptor</span> <span class='ocrx_word' id='word_1_99' title='bbox 1273 1314 1541 1389; x_wconf 89' lang='lat' dir='ltr'>cyclicus</span> <span class='ocrx_word' id='word_1_100' title='bbox 1572 1314 1752 1372; x_wconf 86' lang='lat' dir='ltr'>olim:</span> 
     </span>
    </p>

    <p class='ocr_par' dir='ltr' id='par_1_13' title="bbox 311 1393 1891 1451">
     <span class='ocr_line' id='line_1_17' title="bbox 311 1393 1891 1451; baseline 0 -1"><span class='ocrx_word' id='word_1_101' title='bbox 311 1393 703 1450; x_wconf 75' lang='lat' dir='ltr'>“Fortunam</span> <span class='ocrx_word' id='word_1_102' title='bbox 732 1395 989 1451; x_wconf 75' lang='lat' dir='ltr'>Priami</span> <span class='ocrx_word' id='word_1_103' title='bbox 1014 1395 1268 1451; x_wconf 81' lang='lat' dir='ltr'>cantabo</span> <span class='ocrx_word' id='word_1_104' title='bbox 1295 1400 1350 1451; x_wconf 75' lang='lat' dir='ltr'>ct</span> <span class='ocrx_word' id='word_1_105' title='bbox 1377 1394 1577 1451; x_wconf 76' lang='lat' dir='ltr'>nobile</span> <span class='ocrx_word' id='word_1_106' title='bbox 1606 1394 1891 1451; x_wconf 85' lang='lat' dir='ltr'>bellum.&#39;&#39;</span> 
     </span>
    </p>

    <p class='ocr_par' dir='ltr' id='par_1_14' title="bbox 312 1472 1876 1549">
     <span class='ocr_line' id='line_1_18' title="bbox 312 1472 1876 1549; baseline 0.003 -21"><span class='ocrx_word' id='word_1_107' title='bbox 312 1472 472 1544; x_wconf 82' lang='lat' dir='ltr'>Quid</span> <span class='ocrx_word' id='word_1_108' title='bbox 502 1474 752 1547; x_wconf 88' lang='lat' dir='ltr'>dignum</span> <span class='ocrx_word' id='word_1_109' title='bbox 782 1479 958 1531; x_wconf 90' lang='lat' dir='ltr'>tanto</span> <span class='ocrx_word' id='word_1_110' title='bbox 989 1473 1141 1531; x_wconf 87' lang='lat' dir='ltr'>feret</span> <span class='ocrx_word' id='word_1_111' title='bbox 1173 1474 1267 1531; x_wconf 91' lang='lat' dir='ltr'>hic</span> <span class='ocrx_word' id='word_1_112' title='bbox 1295 1474 1628 1549; x_wconf 88' lang='lat' dir='ltr'>promissor</span> <span class='ocrx_word' id='word_1_113' title='bbox 1656 1472 1876 1532; x_wconf 80' lang='lat' dir='ltr'>hiatu?</span> 
     </span>
    </p>
   </div>
   <div class='ocr_carea' id='block_1_5' title="bbox 217 1551 1770 1632">
    <p class='ocr_par' dir='ltr' id='par_1_15' title="bbox 217 1551 1770 1632">
     <span class='ocr_line' id='line_1_19' title="bbox 217 1551 1770 1632; baseline 0.001 -22"><span class='ocrx_word' id='word_1_114' title='bbox 217 1551 267 1632; x_wconf 72' lang='lat' dir='ltr'>u</span> <span class='ocrx_word' id='word_1_115' title='bbox 311 1552 669 1610; x_wconf 82' lang='lat' dir='ltr'>Parturiunt</span> <span class='ocrx_word' id='word_1_116' title='bbox 697 1559 952 1624; x_wconf 76' lang='lat' dir='ltr'>monteS,</span> <span class='ocrx_word' id='word_1_117' title='bbox 987 1560 1272 1611; x_wconf 89' lang='lat' dir='ltr'>nascetur</span> <span class='ocrx_word' id='word_1_118' title='bbox 1298 1554 1587 1612; x_wconf 89' lang='lat' dir='ltr'>ridiculus</span> <span class='ocrx_word' id='word_1_119' title='bbox 1616 1571 1770 1613; x_wconf 82' lang='lat' dir='ltr'>mus,</span> 
     </span>
    </p>
   </div>
   <div class='ocr_carea' id='block_1_6' title="bbox 306 1633 2173 2671">
    <p class='ocr_par' dir='ltr' id='par_1_16' title="bbox 310 1633 2173 1864">
     <span class='ocr_line' id='line_1_20' title="bbox 311 1633 2173 1709; baseline 0.002 -20"><span class='ocrx_word' id='word_1_120' title='bbox 311 1633 554 1705; x_wconf 81' lang='lat' dir='ltr'>Quanto</span> <span class='ocrx_word' id='word_1_121' title='bbox 582 1635 808 1691; x_wconf 88' lang='lat' dir='ltr'>rectius</span> <span class='ocrx_word' id='word_1_122' title='bbox 840 1634 952 1705; x_wconf 89' lang='lat' dir='ltr'>hic,</span> <span class='ocrx_word' id='word_1_123' title='bbox 986 1634 1090 1709; x_wconf 90' lang='lat' dir='ltr'>qui</span> <span class='ocrx_word' id='word_1_124' title='bbox 1119 1634 1205 1691; x_wconf 91' lang='lat' dir='ltr'>nil</span> <span class='ocrx_word' id='word_1_125' title='bbox 1236 1635 1480 1692; x_wconf 88' lang='lat' dir='ltr'>molitur</span> <span class='ocrx_word' id='word_1_126' title='bbox 1510 1634 1746 1708; x_wconf 85' lang='lat' dir='ltr'>inepte:</span> <span class='ocrx_word' id='word_1_127' title='bbox 2058 1637 2173 1692; x_wconf 86' lang='lat'>140</span> 
     </span>
     <span class='ocr_line' id='line_1_21' title="bbox 310 1713 2110 1789; baseline 0.001 -18"><span class='ocrx_word' id='word_1_128' title='bbox 310 1717 345 1741; x_wconf 89' lang='lat'><strong>“</strong></span> <span class='ocrx_word' id='word_1_129' title='bbox 364 1715 486 1771; x_wconf 86' lang='lat' dir='ltr'>Dic</span> <span class='ocrx_word' id='word_1_130' title='bbox 512 1714 684 1783; x_wconf 75' lang='lat' dir='ltr'><em>mihi,</em></span> <span class='ocrx_word' id='word_1_131' title='bbox 720 1714 920 1784; x_wconf 70' lang='lat' dir='ltr'>Musa,</span> <span class='ocrx_word' id='word_1_132' title='bbox 951 1718 1179 1785; x_wconf 77' lang='lat' dir='ltr'>virum,</span> <span class='ocrx_word' id='word_1_133' title='bbox 1212 1721 1424 1789; x_wconf 76' lang='lat' dir='ltr'>captae</span> <span class='ocrx_word' id='word_1_134' title='bbox 1443 1720 1584 1789; x_wconf 75' lang='lat' dir='ltr'>post</span> <span class='ocrx_word' id='word_1_135' title='bbox 1611 1715 1851 1771; x_wconf 78' lang='lat' dir='ltr'>moenia</span> <span class='ocrx_word' id='word_1_136' title='bbox 1895 1713 2110 1789; x_wconf 84' lang='lat' dir='ltr'>Trojae</span> 
     </span>
     <span class='ocr_line' id='line_1_22' title="bbox 317 1793 1923 1864; baseline 0.002 -15"><span class='ocrx_word' id='word_1_137' title='bbox 317 1793 439 1864; x_wconf 81' lang='lat' dir='ltr'>Qui</span> <span class='ocrx_word' id='word_1_138' title='bbox 464 1812 667 1851; x_wconf 83' lang='lat' dir='ltr'>mores</span> <span class='ocrx_word' id='word_1_139' title='bbox 695 1795 900 1851; x_wconf 79' lang='lat' dir='ltr'>homin</span> <span class='ocrx_word' id='word_1_140' title='bbox 912 1813 1015 1851; x_wconf 85' lang='lat' dir='ltr'>um</span> <span class='ocrx_word' id='word_1_141' title='bbox 1045 1795 1383 1851; x_wconf 76' lang='lat' dir='ltr'>multorum</span> <span class='ocrx_word' id='word_1_142' title='bbox 1410 1794 1566 1851; x_wconf 70' lang='lat' dir='ltr'>vidit</span> <span class='ocrx_word' id='word_1_143' title='bbox 1594 1800 1650 1852; x_wconf 77' lang='lat' dir='ltr'>et</span> <span class='ocrx_word' id='word_1_144' title='bbox 1680 1795 1923 1853; x_wconf 71' lang='lat' dir='ltr'>urb68.’&#39;</span> 
     </span>
    </p>

    <p class='ocr_par' dir='ltr' id='par_1_17' title="bbox 307 1872 2171 2188">
     <span class='ocr_line' id='line_1_23' title="bbox 307 1872 1932 1949; baseline 0.001 -19"><span class='ocrx_word' id='word_1_145' title='bbox 307 1872 451 1930; x_wconf 89' lang='lat' dir='ltr'>Non</span> <span class='ocrx_word' id='word_1_146' title='bbox 479 1874 710 1931; x_wconf 86' lang='lat' dir='ltr'>fumum</span> <span class='ocrx_word' id='word_1_147' title='bbox 739 1892 815 1932; x_wconf 83' lang='lat' dir='ltr'>ex</span> <span class='ocrx_word' id='word_1_148' title='bbox 842 1875 1095 1949; x_wconf 86' lang='lat' dir='ltr'>fulgore,</span> <span class='ocrx_word' id='word_1_149' title='bbox 1129 1875 1237 1932; x_wconf 86' lang='lat' dir='ltr'>sed</span> <span class='ocrx_word' id='word_1_150' title='bbox 1266 1892 1342 1932; x_wconf 83' lang='lat' dir='ltr'>ex</span> <span class='ocrx_word' id='word_1_151' title='bbox 1369 1874 1534 1931; x_wconf 87' lang='lat' dir='ltr'>fumo</span> <span class='ocrx_word' id='word_1_152' title='bbox 1564 1874 1707 1932; x_wconf 90' lang='lat' dir='ltr'>dare</span> <span class='ocrx_word' id='word_1_153' title='bbox 1735 1873 1932 1932; x_wconf 89' lang='lat' dir='ltr'>lucem</span> 
     </span>
     <span class='ocr_line' id='line_1_24' title="bbox 310 1951 1827 2029; baseline 0.001 -19"><span class='ocrx_word' id='word_1_154' title='bbox 310 1951 575 2028; x_wconf 79' lang='lat' dir='ltr'>Cogitat,</span> <span class='ocrx_word' id='word_1_155' title='bbox 609 1959 678 2011; x_wconf 89' lang='lat' dir='ltr'>ut</span> <span class='ocrx_word' id='word_1_156' title='bbox 706 1956 980 2029; x_wconf 88' lang='lat' dir='ltr'>speciosa</span> <span class='ocrx_word' id='word_1_157' title='bbox 1009 1954 1226 2012; x_wconf 90' lang='lat' dir='ltr'>dehinc</span> <span class='ocrx_word' id='word_1_158' title='bbox 1256 1954 1547 2011; x_wconf 86' lang='lat' dir='ltr'>miracula</span> <span class='ocrx_word' id='word_1_159' title='bbox 1572 1960 1827 2029; x_wconf 90' lang='lat' dir='ltr'>promat,</span> 
     </span>
     <span class='ocr_line' id='line_1_25' title="bbox 308 2031 2171 2110; baseline 0.002 -20"><span class='ocrx_word' id='word_1_160' title='bbox 308 2032 691 2109; x_wconf 79' lang='lat' dir='ltr'>Antiphaten</span> <span class='ocrx_word' id='word_1_161' title='bbox 714 2034 1100 2108; x_wconf 81' lang='lat' dir='ltr'>Scyllamque</span> <span class='ocrx_word' id='word_1_162' title='bbox 1117 2040 1180 2091; x_wconf 89' lang='lat' dir='ltr'>et</span> <span class='ocrx_word' id='word_1_163' title='bbox 1199 2052 1333 2091; x_wconf 91' lang='lat' dir='ltr'>cum</span> <span class='ocrx_word' id='word_1_164' title='bbox 1358 2034 1623 2108; x_wconf 84' lang='lat' dir='ltr'>Cyclope</span> <span class='ocrx_word' id='word_1_165' title='bbox 1646 2031 2020 2110; x_wconf 80' lang='lat' dir='ltr'>Charybdin.</span> <span class='ocrx_word' id='word_1_166' title='bbox 2059 2036 2171 2094; x_wconf 82' lang='grc'>145</span> 
     </span>
     <span class='ocr_line' id='line_1_26' title="bbox 307 2111 1800 2188; baseline 0.001 -19"><span class='ocrx_word' id='word_1_167' title='bbox 307 2112 437 2170; x_wconf 84' lang='lat' dir='ltr'>Nec</span> <span class='ocrx_word' id='word_1_168' title='bbox 465 2111 725 2171; x_wconf 87' lang='lat' dir='ltr'>reditum</span> <span class='ocrx_word' id='word_1_169' title='bbox 755 2114 1071 2172; x_wconf 88' lang='lat' dir='ltr'>Diomedis</span> <span class='ocrx_word' id='word_1_170' title='bbox 1101 2114 1179 2171; x_wconf 87' lang='lat' dir='ltr'>ab</span> <span class='ocrx_word' id='word_1_171' title='bbox 1207 2113 1456 2171; x_wconf 89' lang='lat' dir='ltr'>interitu</span> <span class='ocrx_word' id='word_1_172' title='bbox 1488 2113 1800 2188; x_wconf 85' lang='lat' dir='ltr'>Meleagri,</span> 
     </span>
    </p>

    <p class='ocr_par' dir='ltr' id='par_1_18' title="bbox 306 2189 1875 2269">
     <span class='ocr_line' id='line_1_27' title="bbox 306 2189 1875 2269; baseline 0.001 -19"><span class='ocrx_word' id='word_1_173' title='bbox 306 2192 436 2251; x_wconf 88' lang='lat' dir='ltr'>Nec</span> <span class='ocrx_word' id='word_1_174' title='bbox 465 2195 709 2269; x_wconf 88' lang='lat' dir='ltr'>gemino</span> <span class='ocrx_word' id='word_1_175' title='bbox 738 2189 962 2252; x_wconf 88' lang='lat' dir='ltr'>bellum</span> <span class='ocrx_word' id='word_1_176' title='bbox 994 2192 1324 2268; x_wconf 86' lang='lat' dir='ltr'>Trojauum</span> <span class='ocrx_word' id='word_1_177' title='bbox 1353 2193 1585 2251; x_wconf 87' lang='lat' dir='ltr'>orditur</span> <span class='ocrx_word' id='word_1_178' title='bbox 1614 2195 1691 2251; x_wconf 90' lang='lat' dir='ltr'>ab</span> <span class='ocrx_word' id='word_1_179' title='bbox 1721 2212 1875 2268; x_wconf 88' lang='lat' dir='ltr'>ovo;</span> 
     </span>
    </p>

    <p class='ocr_par' dir='ltr' id='par_1_19' title="bbox 310 2271 1855 2348">
     <span class='ocr_line' id='line_1_28' title="bbox 310 2271 1855 2348; baseline 0.001 -18"><span class='ocrx_word' id='word_1_180' title='bbox 310 2271 560 2348; x_wconf 85' lang='lat' dir='ltr'>Semper</span> <span class='ocrx_word' id='word_1_181' title='bbox 589 2274 665 2331; x_wconf 91' lang='lat' dir='ltr'>ad</span> <span class='ocrx_word' id='word_1_182' title='bbox 693 2280 979 2331; x_wconf 85' lang='lat' dir='ltr'>eventum</span> <span class='ocrx_word' id='word_1_183' title='bbox 1008 2274 1279 2344; x_wconf 87' lang='lat' dir='ltr'>festinat,</span> <span class='ocrx_word' id='word_1_184' title='bbox 1310 2278 1375 2331; x_wconf 87' lang='lat' dir='ltr'>et</span> <span class='ocrx_word' id='word_1_185' title='bbox 1404 2275 1466 2332; x_wconf 91' lang='lat' dir='ltr'>in</span> <span class='ocrx_word' id='word_1_186' title='bbox 1495 2274 1728 2331; x_wconf 88' lang='lat' dir='ltr'>medias</span> <span class='ocrx_word' id='word_1_187' title='bbox 1757 2291 1855 2331; x_wconf 84' lang='lat' dir='ltr'>res</span> 
     </span>
    </p>

    <p class='ocr_par' dir='ltr' id='par_1_20' title="bbox 306 2352 2171 2589">
     <span class='ocr_line' id='line_1_29' title="bbox 308 2352 1836 2429; baseline 0.001 -18"><span class='ocrx_word' id='word_1_188' title='bbox 308 2352 367 2410; x_wconf 91' lang='lat' dir='ltr'>N</span> <span class='ocrx_word' id='word_1_189' title='bbox 373 2372 450 2411; x_wconf 92' lang='lat' dir='ltr'>on</span> <span class='ocrx_word' id='word_1_190' title='bbox 480 2372 653 2412; x_wconf 89' lang='lat' dir='ltr'>secus</span> <span class='ocrx_word' id='word_1_191' title='bbox 685 2372 754 2411; x_wconf 89' lang='lat' dir='ltr'>ac</span> <span class='ocrx_word' id='word_1_192' title='bbox 784 2361 964 2411; x_wconf 88' lang='lat' dir='ltr'>notas</span> <span class='ocrx_word' id='word_1_193' title='bbox 995 2355 1332 2413; x_wconf 89' lang='lat' dir='ltr'>auditorem</span> <span class='ocrx_word' id='word_1_194' title='bbox 1362 2355 1537 2429; x_wconf 88' lang='lat' dir='ltr'>rapit,</span> <span class='ocrx_word' id='word_1_195' title='bbox 1568 2359 1649 2424; x_wconf 87' lang='lat' dir='ltr'>et,</span> <span class='ocrx_word' id='word_1_196' title='bbox 1681 2372 1836 2429; x_wconf 87' lang='lat' dir='ltr'>quae</span> 
     </span>
     <span class='ocr_line' id='line_1_30' title="bbox 308 2432 2171 2511; baseline 0.002 -21"><span class='ocrx_word' id='word_1_197' title='bbox 308 2432 613 2509; x_wconf 85' lang='lat' dir='ltr'>Desperat</span> <span class='ocrx_word' id='word_1_198' title='bbox 639 2440 905 2492; x_wconf 84' lang='lat' dir='ltr'>tractata</span> <span class='ocrx_word' id='word_1_199' title='bbox 934 2433 1229 2493; x_wconf 86' lang='lat' dir='ltr'>nitescere</span> <span class='ocrx_word' id='word_1_200' title='bbox 1258 2452 1454 2511; x_wconf 83' lang='lat' dir='ltr'>posse,</span> <span class='ocrx_word' id='word_1_201' title='bbox 1487 2435 1809 2511; x_wconf 79' lang='lat' dir='ltr'>relinquit3</span> <span class='ocrx_word' id='word_1_202' title='bbox 2057 2437 2171 2494; x_wconf 89' lang='lat'>150</span> 
     </span>
     <span class='ocr_line' id='line_1_31' title="bbox 306 2512 1797 2589; baseline 0.001 -18"><span class='ocrx_word' id='word_1_203' title='bbox 306 2512 514 2589; x_wconf 89' lang='lat' dir='ltr'>Atque</span> <span class='ocrx_word' id='word_1_204' title='bbox 544 2515 635 2571; x_wconf 87' lang='lat' dir='ltr'>ita</span> <span class='ocrx_word' id='word_1_205' title='bbox 662 2516 973 2586; x_wconf 89' lang='lat' dir='ltr'>mentitur,</span> <span class='ocrx_word' id='word_1_206' title='bbox 1007 2515 1093 2573; x_wconf 89' lang='lat' dir='ltr'>sic</span> <span class='ocrx_word' id='word_1_207' title='bbox 1124 2516 1284 2572; x_wconf 86' lang='lat' dir='ltr'>veris</span> <span class='ocrx_word' id='word_1_208' title='bbox 1316 2514 1472 2573; x_wconf 87' lang='lat' dir='ltr'>falsa</span> <span class='ocrx_word' id='word_1_209' title='bbox 1499 2516 1797 2587; x_wconf 87' lang='lat' dir='ltr'>remiscet,</span> 
     </span>
    </p>

    <p class='ocr_par' dir='ltr' id='par_1_21' title="bbox 306 2593 1833 2671">
     <span class='ocr_line' id='line_1_32' title="bbox 306 2593 1833 2671; baseline 0.003 -20"><span class='ocrx_word' id='word_1_210' title='bbox 306 2593 513 2652; x_wconf 90' lang='lat' dir='ltr'>Primo</span> <span class='ocrx_word' id='word_1_211' title='bbox 543 2613 617 2652; x_wconf 90' lang='lat' dir='ltr'>ne</span> <span class='ocrx_word' id='word_1_212' title='bbox 649 2595 935 2666; x_wconf 89' lang='lat' dir='ltr'>medium,</span> <span class='ocrx_word' id='word_1_213' title='bbox 966 2596 1168 2653; x_wconf 89' lang='lat' dir='ltr'>medio</span> <span class='ocrx_word' id='word_1_214' title='bbox 1197 2614 1272 2653; x_wconf 89' lang='lat' dir='ltr'>ne</span> <span class='ocrx_word' id='word_1_215' title='bbox 1303 2595 1599 2671; x_wconf 87' lang='lat' dir='ltr'>discrepet</span> <span class='ocrx_word' id='word_1_216' title='bbox 1625 2596 1833 2655; x_wconf 83' lang='lat' dir='ltr'>imum.</span> 
     </span>
    </p>
   </div>
   <div class='ocr_carea' id='block_1_7' title="bbox 304 2759 2166 3158">
    <p class='ocr_par' dir='ltr' id='par_1_22' title="bbox 304 2759 2166 3158">
     <span class='ocr_line' id='line_1_33' title="bbox 386 2759 2025 2839; baseline 0.001 -20"><span class='ocrx_word' id='word_1_217' title='bbox 386 2760 496 2831; x_wconf 76' lang='lat' dir='ltr'>Ta,</span> <span class='ocrx_word' id='word_1_218' title='bbox 529 2759 674 2838; x_wconf 89' lang='lat' dir='ltr'>quid</span> <span class='ocrx_word' id='word_1_219' title='bbox 702 2781 817 2837; x_wconf 89' lang='lat' dir='ltr'>ego</span> <span class='ocrx_word' id='word_1_220' title='bbox 847 2769 910 2821; x_wconf 83' lang='lat' dir='ltr'>et</span> <span class='ocrx_word' id='word_1_221' title='bbox 936 2762 1197 2839; x_wconf 86' lang='lat' dir='ltr'>populus</span> <span class='ocrx_word' id='word_1_222' title='bbox 1229 2781 1465 2821; x_wconf 91' lang='lat' dir='ltr'>mecum</span> <span class='ocrx_word' id='word_1_223' title='bbox 1494 2761 1814 2835; x_wconf 83' lang='lat' dir='ltr'>desideret,</span> <span class='ocrx_word' id='word_1_224' title='bbox 1847 2762 2025 2822; x_wconf 83' lang='lat' dir='ltr'>audi:</span> 
     </span>
     <span class='ocr_line' id='line_1_34' title="bbox 307 2841 1767 2918; baseline -0.001 -17"><span class='ocrx_word' id='word_1_225' title='bbox 307 2841 375 2901; x_wconf 85' lang='lat' dir='ltr'>Si</span> <span class='ocrx_word' id='word_1_226' title='bbox 403 2843 704 2918; x_wconf 88' lang='lat' dir='ltr'>plausoris</span> <span class='ocrx_word' id='word_1_227' title='bbox 732 2862 877 2917; x_wconf 88' lang='lat' dir='ltr'>eges</span> <span class='ocrx_word' id='word_1_228' title='bbox 909 2844 1123 2901; x_wconf 88' lang='lat' dir='ltr'>aulaea</span> <span class='ocrx_word' id='word_1_229' title='bbox 1152 2844 1457 2900; x_wconf 85' lang='lat' dir='ltr'>manentis</span> <span class='ocrx_word' id='word_1_230' title='bbox 1487 2850 1548 2900; x_wconf 90' lang='lat' dir='ltr'>et</span> <span class='ocrx_word' id='word_1_231' title='bbox 1576 2860 1767 2918; x_wconf 88' lang='lat' dir='ltr'>usque</span> 
     </span>
     <span class='ocr_line' id='line_1_35' title="bbox 305 2919 2166 2998; baseline 0.001 -16"><span class='ocrx_word' id='word_1_232' title='bbox 305 2920 539 2982; x_wconf 85' lang='lat' dir='ltr'>Sessuri</span> <span class='ocrx_word' id='word_1_233' title='bbox 574 2919 762 2980; x_wconf 85' lang='lat' dir='ltr'>donec</span> <span class='ocrx_word' id='word_1_234' title='bbox 792 2928 1002 2981; x_wconf 89' lang='lat' dir='ltr'>cantor</span> <span class='ocrx_word' id='word_1_235' title='bbox 1033 2920 1214 2980; x_wconf 84' lang='lat' dir='ltr'>“Vos</span> <span class='ocrx_word' id='word_1_236' title='bbox 1243 2923 1517 2998; x_wconf 87' lang='lat' dir='ltr'>plaudite</span> <span class='ocrx_word' id='word_1_237' title='bbox 1537 2924 1570 2955; x_wconf 90' lang='lat'>&#39;&#39;</span> <span class='ocrx_word' id='word_1_238' title='bbox 1600 2923 1781 2994; x_wconf 86' lang='lat' dir='ltr'>dicat,</span> <span class='ocrx_word' id='word_1_239' title='bbox 2054 2925 2166 2983; x_wconf 89' lang='lat'>155</span> 
     </span>
     <span class='ocr_line' id='line_1_36' title="bbox 304 3000 1707 3078; baseline -0.001 -18"><span class='ocrx_word' id='word_1_240' title='bbox 304 3000 551 3060; x_wconf 88' lang='lat' dir='ltr'>Aetatis</span> <span class='ocrx_word' id='word_1_241' title='bbox 580 3003 866 3078; x_wconf 82' lang='lat' dir='ltr'>cujusque</span> <span class='ocrx_word' id='word_1_242' title='bbox 897 3001 1149 3060; x_wconf 89' lang='lat' dir='ltr'>notandi</span> <span class='ocrx_word' id='word_1_243' title='bbox 1181 3010 1326 3060; x_wconf 89' lang='lat' dir='ltr'>sunt</span> <span class='ocrx_word' id='word_1_244' title='bbox 1353 3003 1464 3060; x_wconf 88' lang='lat' dir='ltr'>tibi</span> <span class='ocrx_word' id='word_1_245' title='bbox 1494 3020 1707 3072; x_wconf 77' lang='lat' dir='ltr'>moreS,</span> 
     </span>
     <span class='ocr_line' id='line_1_37' title="bbox 304 3080 1801 3158; baseline 0.001 -19"><span class='ocrx_word' id='word_1_246' title='bbox 304 3080 751 3158; x_wconf 88' lang='lat' dir='ltr'>Mobilibusque</span> <span class='ocrx_word' id='word_1_247' title='bbox 782 3084 962 3140; x_wconf 87' lang='lat' dir='ltr'>decor</span> <span class='ocrx_word' id='word_1_248' title='bbox 989 3084 1224 3140; x_wconf 82' lang='lat' dir='ltr'>naturis</span> <span class='ocrx_word' id='word_1_249' title='bbox 1253 3083 1491 3140; x_wconf 88' lang='lat' dir='ltr'>dandus</span> <span class='ocrx_word' id='word_1_250' title='bbox 1520 3088 1583 3140; x_wconf 85' lang='lat' dir='ltr'>et</span> <span class='ocrx_word' id='word_1_251' title='bbox 1611 3082 1801 3140; x_wconf 87' lang='lat' dir='ltr'>annis.</span> 
     </span>
    </p>
   </div>
   <div class='ocr_carea' id='block_1_8' title="bbox 366 3220 2108 3387">
    <p class='ocr_par' dir='ltr' id='par_1_23' title="bbox 366 3220 2108 3387">
     <span class='ocr_line' id='line_1_38' title="bbox 366 3220 2108 3281; baseline 0 -16"><span class='ocrx_word' id='word_1_252' title='bbox 366 3222 450 3267; x_wconf 82' lang='lat'>133</span> <span class='ocrx_word' id='word_1_253' title='bbox 473 3222 672 3267; x_wconf 81' lang='lat' dir='ltr'>verbum</span> <span class='ocrx_word' id='word_1_254' title='bbox 694 3223 839 3267; x_wconf 83' lang='lat' dir='ltr'>verbo</span> <span class='ocrx_word' id='word_1_255' title='bbox 946 3220 1035 3267; x_wconf 85' lang='lat'>134</span> <span class='ocrx_word' id='word_1_256' title='bbox 1056 3227 1238 3267; x_wconf 84' lang='lat' dir='ltr'>arctum</span> <span class='ocrx_word' id='word_1_257' title='bbox 1345 3223 1432 3267; x_wconf 82' lang='lat'>136</span> <span class='ocrx_word' id='word_1_258' title='bbox 1453 3222 1619 3268; x_wconf 81' lang='lat' dir='ltr'>ciclius</span> <span class='ocrx_word' id='word_1_259' title='bbox 1725 3222 1811 3266; x_wconf 86' lang='lat'>139</span> <span class='ocrx_word' id='word_1_260' title='bbox 1834 3223 2108 3281; x_wconf 78' lang='lat' dir='ltr'>parturient</span> 
     </span>
     <span class='ocr_line' id='line_1_39' title="bbox 570 3282 1905 3387; baseline -0.001 -61"><span class='ocrx_word' id='word_1_261' title='bbox 570 3283 657 3326; x_wconf 85' lang='lat'>141</span> <span class='ocrx_word' id='word_1_262' title='bbox 680 3285 900 3344; x_wconf 78' lang='lat' dir='ltr'>tempora</span> <span class='ocrx_word' id='word_1_263' title='bbox 1022 3284 1393 3387; x_wconf 47' lang='lat' dir='ltr'>lfitltbgltssgzilsri.</span> <span class='ocrx_word' id='word_1_264' title='bbox 1460 3283 1545 3329; x_wconf 80' lang='lat'>157</span> <span class='ocrx_word' id='word_1_265' title='bbox 1567 3282 1905 3341; x_wconf 78' lang='lat' dir='ltr'>nobilibusque</span> 
     </span>
    </p>
   </div>
  </div>
 </body>
</html>
