2367 3784
86 833 336 900 ’βψ-ψ

708 504 1099 571 CARMEN
1168 506 1754 571 SAEOVLARE.

532 739 799 810 Phoebe,
834 738 1249 814 silvarumque
1280 746 1500 813 potens
1530 739 1748 809 Diana,
1952 644 2093 751 ΣΒ,

530 819 835 878 Lucidum
869 819 1017 875 caeli
1052 820 1256 889 decuS‚
1290 836 1324 875 o
1355 818 1589 876 colendi

532 900 789 977 Semper
816 905 877 956 et
908 899 1073 968 culti,
1108 900 1250 957 date
1293 916 1450 973 quae
1480 914 1793 974 precamur

772 979 1071 1055 Tempore
1117 996 1309 1048 sacro,

532 1062 673 1134 Quo
706 1059 996 1135 Sibyllini
1028 1076 1318 1117 monuere
1349 1075 1563 1116 versus
2109 1061 2143 1115 5

526 1140 819 1216 Virgines
851 1140 1047 1197 lectas
1077 1157 1418 1215 puerosque
1448 1145 1653 1197 castos

526 1220 663 1289 Dis,
693 1220 917 1296 quibus
951 1228 1187 1296 septem
1219 1220 1495 1294 placuere
1526 1219 1729 1287 colles,

767 1301 984 1358 Dicere
1032 1318 1289 1357 carmen.

529 1380 715 1439 Alme
748 1380 871 1450 Sol,
906 1398 1088 1438 curru
1119 1381 1314 1438 nitido
1345 1379 1506 1437 diem
1538 1379 1639 1454 qui

528 1460 770 1519 Promis
799 1466 862 1518 et
892 1461 1073 1531 celas,
1108 1461 1382 1536 aliusque
1413 1467 1474 1517 et
1504 1459 1662 1517 idem
2077 1458 2148 1535 lQ

524 1540 832 1609 NasceriS,
865 1542 1068 1616 possis
1101 1540 1252 1597 nihil
1282 1539 1431 1598 urbe
1462 1539 1664 1597 Roma

769 1620 986 1679 Visere
1033 1623 1246 1695 majus

526 1701 676 1760 Rite
706 1706 979 1758 maturos
1015 1702 1248 1776 aperire
1276 1706 1491 1776 partus

526 1780 734 1852 Lenis,
766 1780 1041 1855 Ilithyia,
1078 1790 1244 1839 tuere
1277 1787 1520 1850 matreS,

528 1859 676 1920 Sive
706 1867 776 1917 tu
808 1860 1045 1918 Lucina
1074 1861 1299 1935 probas
1330 1859 1535 1918 vocari
2079 1860 2150 1917 15

771 1940 890 1998 Seu
936 1941 1277 1999 Genitalis,

528 2021 712 2091 Diva,
743 2021 1049 2097 producas
1081 2021 1372 2091 subolem,
1404 2028 1767 2097 patrumque

527 2101 861 2177 Prosperes
892 2101 1140 2159 decreta
1170 2119 1351 2178 super
1383 2099 1676 2175 jugandis

523 2181 817 2250 Feminis,
849 2182 1157 2257 prolisque
1190 2200 1386 2239 novae
1417 2179 1598 2238 feraci

772 2261 938 2336 Lege
985 2263 1222 2332 marita,
2081 2261 2153 2315 20

529 2341 753 2402 Certus
782 2343 1058 2401 undenos
1090 2342 1290 2399 decies
1319 2358 1427 2417 per
1457 2358 1648 2399 annos

427 2423 442 2435 “
528 2420 712 2480 Orbis
743 2427 811 2479 ut
841 2429 1057 2480 cantus
1087 2423 1428 2497 referatque
1461 2421 1655 2489 ludos,

529 2501 651 2560 Ter
679 2502 776 2560 die
807 2503 985 2573 claro,
1021 2503 1368 2577 totiensque
1399 2506 1575 2577 grata

771 2581 966 2640 Nocte
1011 2583 1372 2659 frequentes

530 2662 784 2738 Vosque
819 2680 1064 2721 veraces
1094 2663 1400 2732 cecinisse,
1436 2661 1681 2732 Parcae,
2082 2663 2156 2717 25

533 2742 743 2838 Quodn
745 2743 931 2801 semel
962 2744 1190 2800 dictum
1221 2748 1332 2813 est,
1366 2742 1721 2817 stabilisque
1751 2755 1951 2798 rerum

534 2804 857 2883 Terminus
888 2830 1107 2891 servet,
1141 2823 1302 2880 bona
1333 2823 1462 2897 jam
1491 2821 1751 2898 peractis

774 2903 812 2962 J
822 2904 1028 2978 ungite
1073 2903 1215 2960 fata

538 2980 785 3039 Fertilis
816 2984 1058 3058 frugum
1088 2983 1443 3059 pecorisque
1475 2980 1683 3039 Tellus

539 3060 757 3137 Spicea
800 3063 984 3121 donet
1029 3063 1307 3121 Cererem
1355 3079 1610 3134 corona3
2080 3058 2157 3114 30

537 3139 839 3200 Nutriant
867 3144 1027 3201 fetus
1057 3150 1119 3201 et
1149 3161 1343 3219 aquae
1376 3141 1650 3199 salubres

783 3221 868 3281 Et
908 3222 1093 3282 Jovis
1136 3240 1336 3281 aurae.

843 3389 873 3433 ὕ
890 3386 1034 3449 quod
1386 3385 1445 3432 2⁷
1466 3389 1628 3431 servat
1809 3451 1900 3500 ln
