<?xml version="1.0" encoding="UTF-8"?>
<!DOCTYPE html PUBLIC "-//W3C//DTD XHTML 1.0 Transitional//EN"
    "http://www.w3.org/TR/xhtml1/DTD/xhtml1-transitional.dtd">
<html xmlns="http://www.w3.org/1999/xhtml" xml:lang="en" lang="en">
 <head>
  <title>
</title>
<meta http-equiv="Content-Type" content="text/html;charset=utf-8" />
  <meta name='ocr-system' content='tesseract 3.04.00' />
  <meta name='ocr-capabilities' content='ocr_page ocr_carea ocr_par ocr_line ocrx_word'/>
</head>
<body>
  <div class='ocr_page' id='page_1' title='image "./workshorace02chasgoog_0115.png"; bbox 0 0 2367 3784; ppageno 0'>
   <div class='ocr_carea' id='block_1_1' title="bbox 833 132 1989 199">
    <p class='ocr_par' dir='ltr' id='par_1_1' title="bbox 833 132 1989 199">
     <span class='ocr_line' id='line_1_1' title="bbox 833 132 1989 199; baseline 0.006 -7"><span class='ocrx_word' id='word_1_1' title='bbox 833 146 978 193; x_wconf 73' lang='lat' dir='ltr'>ms.</span> <span class='ocrx_word' id='word_1_2' title='bbox 1028 146 1134 196; x_wconf 83' lang='lat' dir='ltr'>1v.</span> <span class='ocrx_word' id='word_1_3' title='bbox 1186 132 1268 194; x_wconf 88' lang='lat'>14</span> <span class='ocrx_word' id='word_1_4' title='bbox 1867 137 1989 199; x_wconf 84' lang='lat'>109</span> 
     </span>
    </p>
   </div>
   <div class='ocr_carea' id='block_1_2' title="bbox 358 305 1993 3187">
    <p class='ocr_par' dir='ltr' id='par_1_2' title="bbox 358 305 1993 3187">
     <span class='ocr_line' id='line_1_2' title="bbox 366 305 1483 381; baseline 0 -16"><span class='ocrx_word' id='word_1_5' title='bbox 366 305 748 381; x_wconf 86' lang='lat' dir='ltr'>Spectandus</span> <span class='ocrx_word' id='word_1_6' title='bbox 777 305 841 362; x_wconf 90' lang='lat' dir='ltr'>in</span> <span class='ocrx_word' id='word_1_7' title='bbox 872 305 1203 363; x_wconf 83' lang='lat' dir='ltr'>certamine</span> <span class='ocrx_word' id='word_1_8' title='bbox 1237 306 1483 378; x_wconf 77' lang='lat' dir='ltr'><strong>Martie,</strong></span> 
     </span>
     <span class='ocr_line' id='line_1_3' title="bbox 365 384 1344 460; baseline 0.002 -17"><span class='ocrx_word' id='word_1_9' title='bbox 365 385 604 444; x_wconf 86' lang='lat' dir='ltr'>Devota</span> <span class='ocrx_word' id='word_1_10' title='bbox 633 384 811 442; x_wconf 92' lang='lat' dir='ltr'>morti</span> <span class='ocrx_word' id='word_1_11' title='bbox 841 391 1090 460; x_wconf 77' lang='lat' dir='ltr'>pectora</span> <span class='ocrx_word' id='word_1_12' title='bbox 1120 385 1344 445; x_wconf 80' lang='lat' dir='ltr'>liberae</span> 
     </span>
     <span class='ocr_line' id='line_1_4' title="bbox 443 464 1297 540; baseline 0.002 -19"><span class='ocrx_word' id='word_1_13' title='bbox 443 465 705 539; x_wconf 76' lang='lat' dir='ltr'>Quantis</span> <span class='ocrx_word' id='word_1_14' title='bbox 749 464 1041 540; x_wconf 89' lang='lat' dir='ltr'>fatigaret</span> <span class='ocrx_word' id='word_1_15' title='bbox 1084 466 1297 538; x_wconf 83' lang='lat' dir='ltr'>ruinis,</span> 
     </span>
     <span class='ocr_line' id='line_1_5' title="bbox 520 545 1989 622; baseline 0.004 -21"><span class='ocrx_word' id='word_1_16' title='bbox 520 545 862 602; x_wconf 90' lang='lat' dir='ltr'>Indomitas</span> <span class='ocrx_word' id='word_1_17' title='bbox 892 562 1080 622; x_wconf 90' lang='lat' dir='ltr'>prope</span> <span class='ocrx_word' id='word_1_18' title='bbox 1111 547 1309 621; x_wconf 88' lang='lat' dir='ltr'>qualis</span> <span class='ocrx_word' id='word_1_19' title='bbox 1337 547 1534 607; x_wconf 85' lang='lat' dir='ltr'>undas</span> <span class='ocrx_word' id='word_1_20' title='bbox 1914 554 1989 614; x_wconf 74' lang='lat'>20</span> 
     </span>
     <span class='ocr_line' id='line_1_6' title="bbox 362 624 1474 697; baseline 0.002 -14"><span class='ocrx_word' id='word_1_21' title='bbox 362 626 620 684; x_wconf 78' lang='lat' dir='ltr'>Exercet</span> <span class='ocrx_word' id='word_1_22' title='bbox 651 626 901 697; x_wconf 81' lang='lat' dir='ltr'>Auster,</span> <span class='ocrx_word' id='word_1_23' title='bbox 941 624 1259 683; x_wconf 77' lang='lat' dir='ltr'>Pleiadum</span> <span class='ocrx_word' id='word_1_24' title='bbox 1288 627 1474 685; x_wconf 89' lang='lat' dir='ltr'>choro</span> 
     </span>
     <span class='ocr_line' id='line_1_7' title="bbox 361 705 1520 782; baseline 0.001 -18"><span class='ocrx_word' id='word_1_25' title='bbox 361 705 682 764; x_wconf 86' lang='lat' dir='ltr'>Scindente</span> <span class='ocrx_word' id='word_1_26' title='bbox 714 706 921 777; x_wconf 90' lang='lat' dir='ltr'>nubes,</span> <span class='ocrx_word' id='word_1_27' title='bbox 957 705 1220 782; x_wconf 86' lang='lat' dir='ltr'>impiger</span> <span class='ocrx_word' id='word_1_28' title='bbox 1251 707 1520 765; x_wconf 90' lang='lat' dir='ltr'>hostium</span> 
     </span>
     <span class='ocr_line' id='line_1_8' title="bbox 438 786 1465 851; baseline -0.001 -6"><span class='ocrx_word' id='word_1_29' title='bbox 438 786 679 845; x_wconf 86' lang='lat' dir='ltr'>Vexare</span> <span class='ocrx_word' id='word_1_30' title='bbox 721 791 958 844; x_wconf 88' lang='lat' dir='ltr'>turmas</span> <span class='ocrx_word' id='word_1_31' title='bbox 1005 792 1068 844; x_wconf 87' lang='lat' dir='ltr'>et</span> <span class='ocrx_word' id='word_1_32' title='bbox 1109 787 1465 851; x_wconf 87' lang='lat' dir='ltr'>frementem</span> 
     </span>
     <span class='ocr_line' id='line_1_9' title="bbox 516 865 1646 944; baseline 0.004 -20"><span class='ocrx_word' id='word_1_33' title='bbox 516 865 765 924; x_wconf 87' lang='lat' dir='ltr'>Mittere</span> <span class='ocrx_word' id='word_1_34' title='bbox 796 884 1023 942; x_wconf 88' lang='lat' dir='ltr'>equum</span> <span class='ocrx_word' id='word_1_35' title='bbox 1055 867 1295 925; x_wconf 88' lang='lat' dir='ltr'>medios</span> <span class='ocrx_word' id='word_1_36' title='bbox 1321 885 1429 944; x_wconf 89' lang='lat' dir='ltr'>per</span> <span class='ocrx_word' id='word_1_37' title='bbox 1456 868 1646 944; x_wconf 72' lang='lat' dir='ltr'>ignee.</span> 
     </span>
     <span class='ocr_line' id='line_1_10' title="bbox 361 945 1992 1020; baseline -0.001 -13"><span class='ocrx_word' id='word_1_38' title='bbox 361 945 459 1007; x_wconf 86' lang='lat' dir='ltr'>Sic</span> <span class='ocrx_word' id='word_1_39' title='bbox 486 947 862 1004; x_wconf 83' lang='lat' dir='ltr'>tauriformis</span> <span class='ocrx_word' id='word_1_40' title='bbox 898 947 1168 1005; x_wconf 87' lang='lat' dir='ltr'>volvitur</span> <span class='ocrx_word' id='word_1_41' title='bbox 1200 947 1480 1020; x_wconf 79' lang='lat' dir='ltr'>AufiduS‚</span> <span class='ocrx_word' id='word_1_42' title='bbox 1917 956 1992 1015; x_wconf 79' lang='lat'>25</span> 
     </span>
     <span class='ocr_line' id='line_1_11' title="bbox 360 1025 1492 1105; baseline 0.002 -22"><span class='ocrx_word' id='word_1_43' title='bbox 360 1027 478 1101; x_wconf 77' lang='lat' dir='ltr'>Qui</span> <span class='ocrx_word' id='word_1_44' title='bbox 508 1044 701 1102; x_wconf 90' lang='lat' dir='ltr'>regna</span> <span class='ocrx_word' id='word_1_45' title='bbox 730 1025 940 1084; x_wconf 91' lang='lat' dir='ltr'>Dauni</span> <span class='ocrx_word' id='word_1_46' title='bbox 969 1026 1254 1103; x_wconf 86' lang='lat' dir='ltr'>praefluit</span> <span class='ocrx_word' id='word_1_47' title='bbox 1284 1027 1492 1105; x_wconf 87' lang='lat' dir='ltr'>Apuli,</span> 
     </span>
     <span class='ocr_line' id='line_1_12' title="bbox 442 1105 1583 1183; baseline 0.001 -17"><span class='ocrx_word' id='word_1_48' title='bbox 442 1105 599 1166; x_wconf 81' lang='lat' dir='ltr'>Cum</span> <span class='ocrx_word' id='word_1_49' title='bbox 630 1106 843 1177; x_wconf 87' lang='lat' dir='ltr'>saevit,</span> <span class='ocrx_word' id='word_1_50' title='bbox 881 1106 1369 1183; x_wconf 87' lang='lat' dir='ltr'>horrendamque</span> <span class='ocrx_word' id='word_1_51' title='bbox 1399 1108 1583 1167; x_wconf 88' lang='lat' dir='ltr'>cultis</span> 
     </span>
     <span class='ocr_line' id='line_1_13' title="bbox 517 1186 1439 1263; baseline -0.001 -18"><span class='ocrx_word' id='word_1_52' title='bbox 517 1186 832 1245; x_wconf 88' lang='lat' dir='ltr'>Diluviem</span> <span class='ocrx_word' id='word_1_53' title='bbox 879 1188 1214 1245; x_wconf 89' lang='lat' dir='ltr'>meditatur</span> <span class='ocrx_word' id='word_1_54' title='bbox 1257 1188 1439 1263; x_wconf 90' lang='lat' dir='ltr'>agris,</span> 
     </span>
     <span class='ocr_line' id='line_1_14' title="bbox 358 1267 1490 1343; baseline 0.001 -18"><span class='ocrx_word' id='word_1_55' title='bbox 358 1267 449 1326; x_wconf 78' lang='lat' dir='ltr'>Ut</span> <span class='ocrx_word' id='word_1_56' title='bbox 474 1267 873 1325; x_wconf 90' lang='lat' dir='ltr'>barbarorum</span> <span class='ocrx_word' id='word_1_57' title='bbox 910 1267 1210 1326; x_wconf 84' lang='lat' dir='ltr'>Claudius</span> <span class='ocrx_word' id='word_1_58' title='bbox 1241 1269 1490 1343; x_wconf 90' lang='lat' dir='ltr'>agmina</span> 
     </span>
     <span class='ocr_line' id='line_1_15' title="bbox 358 1347 1993 1424; baseline 0.001 -19"><span class='ocrx_word' id='word_1_59' title='bbox 358 1347 615 1406; x_wconf 86' lang='lat' dir='ltr'>Ferrata</span> <span class='ocrx_word' id='word_1_60' title='bbox 657 1353 837 1405; x_wconf 88' lang='lat' dir='ltr'>vasto</span> <span class='ocrx_word' id='word_1_61' title='bbox 884 1348 1072 1407; x_wconf 86' lang='lat' dir='ltr'>diruit</span> <span class='ocrx_word' id='word_1_62' title='bbox 1117 1348 1366 1424; x_wconf 89' lang='lat' dir='ltr'>impetu,</span> <span class='ocrx_word' id='word_1_63' title='bbox 1915 1357 1993 1414; x_wconf 84' lang='grc'>30</span> 
     </span>
     <span class='ocr_line' id='line_1_16' title="bbox 437 1426 1536 1503; baseline 0.002 -18"><span class='ocrx_word' id='word_1_64' title='bbox 437 1426 796 1503; x_wconf 88' lang='lat' dir='ltr'>Primosque</span> <span class='ocrx_word' id='word_1_65' title='bbox 828 1434 891 1485; x_wconf 90' lang='lat' dir='ltr'>et</span> <span class='ocrx_word' id='word_1_66' title='bbox 921 1434 1223 1486; x_wconf 86' lang='lat' dir='ltr'>extremos</span> <span class='ocrx_word' id='word_1_67' title='bbox 1254 1429 1536 1488; x_wconf 83' lang='lat' dir='ltr'>metendo</span> 
     </span>
     <span class='ocr_line' id='line_1_17' title="bbox 516 1507 1666 1580; baseline 0.003 -15"><span class='ocrx_word' id='word_1_68' title='bbox 516 1507 753 1566; x_wconf 84' lang='lat' dir='ltr'>Stravit</span> <span class='ocrx_word' id='word_1_69' title='bbox 784 1507 1056 1576; x_wconf 90' lang='lat' dir='ltr'>humum,</span> <span class='ocrx_word' id='word_1_70' title='bbox 1092 1508 1224 1567; x_wconf 90' lang='lat' dir='ltr'>sine</span> <span class='ocrx_word' id='word_1_71' title='bbox 1254 1510 1423 1567; x_wconf 89' lang='lat' dir='ltr'>clade</span> <span class='ocrx_word' id='word_1_72' title='bbox 1455 1509 1666 1580; x_wconf 86' lang='lat' dir='ltr'>victor,</span> 
     </span>
     <span class='ocr_line' id='line_1_18' title="bbox 360 1587 1412 1664; baseline 0.001 -18"><span class='ocrx_word' id='word_1_73' title='bbox 360 1587 443 1646; x_wconf 86' lang='lat' dir='ltr'>Te</span> <span class='ocrx_word' id='word_1_74' title='bbox 472 1589 695 1664; x_wconf 78' lang='lat' dir='ltr'>copiaS,</span> <span class='ocrx_word' id='word_1_75' title='bbox 731 1594 791 1645; x_wconf 87' lang='lat' dir='ltr'>te</span> <span class='ocrx_word' id='word_1_76' title='bbox 823 1588 1149 1646; x_wconf 90' lang='lat' dir='ltr'>consilium</span> <span class='ocrx_word' id='word_1_77' title='bbox 1179 1596 1243 1646; x_wconf 89' lang='lat' dir='ltr'>et</span> <span class='ocrx_word' id='word_1_78' title='bbox 1272 1594 1412 1647; x_wconf 86' lang='lat' dir='ltr'>tuos</span> 
     </span>
     <span class='ocr_line' id='line_1_19' title="bbox 362 1667 1614 1745; baseline 0.003 -21"><span class='ocrx_word' id='word_1_79' title='bbox 362 1667 697 1726; x_wconf 89' lang='lat' dir='ltr'>Praebente</span> <span class='ocrx_word' id='word_1_80' title='bbox 729 1668 922 1726; x_wconf 80' lang='lat' dir='ltr'>divos,</span> <span class='ocrx_word' id='word_1_81' title='bbox 1013 1668 1177 1726; x_wconf 88' lang='lat' dir='ltr'>Nam</span> <span class='ocrx_word' id='word_1_82' title='bbox 1207 1669 1336 1739; x_wconf 81' lang='lat' dir='ltr'>tibi,</span> <span class='ocrx_word' id='word_1_83' title='bbox 1366 1688 1486 1745; x_wconf 92' lang='lat' dir='ltr'>quo</span> <span class='ocrx_word' id='word_1_84' title='bbox 1515 1670 1614 1728; x_wconf 81' lang='lat' dir='ltr'>die</span> 
     </span>
     <span class='ocr_line' id='line_1_20' title="bbox 440 1748 1988 1825; baseline 0.001 -20"><span class='ocrx_word' id='word_1_85' title='bbox 440 1748 665 1806; x_wconf 87' lang='lat' dir='ltr'>Portus</span> <span class='ocrx_word' id='word_1_86' title='bbox 709 1748 1105 1807; x_wconf 69' lang='lat' dir='ltr'>Alexandrea</span> <span class='ocrx_word' id='word_1_87' title='bbox 1149 1749 1410 1825; x_wconf 82' lang='lat' dir='ltr'>supplex</span> <span class='ocrx_word' id='word_1_88' title='bbox 1914 1755 1988 1812; x_wconf 85' lang='lat'>35</span> 
     </span>
     <span class='ocr_line' id='line_1_21' title="bbox 516 1828 1502 1903; baseline 0.001 -18"><span class='ocrx_word' id='word_1_89' title='bbox 516 1828 600 1886; x_wconf 86' lang='lat' dir='ltr'>Et</span> <span class='ocrx_word' id='word_1_90' title='bbox 642 1847 900 1886; x_wconf 88' lang='lat' dir='ltr'>vacuam</span> <span class='ocrx_word' id='word_1_91' title='bbox 946 1829 1236 1903; x_wconf 89' lang='lat' dir='ltr'>patefecit</span> <span class='ocrx_word' id='word_1_92' title='bbox 1280 1829 1502 1900; x_wconf 90' lang='lat' dir='ltr'>aulam,</span> 
     </span>
     <span class='ocr_line' id='line_1_22' title="bbox 360 1908 1425 1984; baseline -0.001 -18"><span class='ocrx_word' id='word_1_93' title='bbox 360 1908 633 1967; x_wconf 84' lang='lat' dir='ltr'>Fortuna</span> <span class='ocrx_word' id='word_1_94' title='bbox 673 1909 867 1966; x_wconf 92' lang='lat' dir='ltr'>lustro</span> <span class='ocrx_word' id='word_1_95' title='bbox 911 1926 1204 1984; x_wconf 90' lang='lat' dir='ltr'>prospera</span> <span class='ocrx_word' id='word_1_96' title='bbox 1244 1909 1425 1967; x_wconf 89' lang='lat' dir='ltr'>tertio</span> 
     </span>
     <span class='ocr_line' id='line_1_23' title="bbox 358 1988 1423 2060; baseline -0.001 -13"><span class='ocrx_word' id='word_1_97' title='bbox 358 1988 509 2047; x_wconf 92' lang='lat' dir='ltr'>Belli</span> <span class='ocrx_word' id='word_1_98' title='bbox 551 1990 851 2047; x_wconf 89' lang='lat' dir='ltr'>secundos</span> <span class='ocrx_word' id='word_1_99' title='bbox 896 1989 1162 2048; x_wconf 86' lang='lat' dir='ltr'>reddidit</span> <span class='ocrx_word' id='word_1_100' title='bbox 1205 1990 1423 2060; x_wconf 85' lang='lat' dir='ltr'>exitus,</span> 
     </span>
     <span class='ocr_line' id='line_1_24' title="bbox 437 2068 1532 2145; baseline 0.001 -19"><span class='ocrx_word' id='word_1_101' title='bbox 437 2068 830 2145; x_wconf 89' lang='lat' dir='ltr'>Laudemque</span> <span class='ocrx_word' id='word_1_102' title='bbox 862 2074 924 2126; x_wconf 93' lang='lat' dir='ltr'>et</span> <span class='ocrx_word' id='word_1_103' title='bbox 956 2075 1235 2145; x_wconf 86' lang='lat' dir='ltr'>optatum</span> <span class='ocrx_word' id='word_1_104' title='bbox 1265 2069 1532 2145; x_wconf 88' lang='lat' dir='ltr'>peractis</span> 
     </span>
     <span class='ocr_line' id='line_1_25' title="bbox 513 2145 1992 2226; baseline 0.001 -20"><span class='ocrx_word' id='word_1_105' title='bbox 513 2149 795 2225; x_wconf 91' lang='lat' dir='ltr'>Imperiis</span> <span class='ocrx_word' id='word_1_106' title='bbox 839 2150 1027 2207; x_wconf 89' lang='lat' dir='ltr'>decus</span> <span class='ocrx_word' id='word_1_107' title='bbox 1071 2151 1398 2226; x_wconf 85' lang='lat' dir='ltr'>arrogavit.</span> <span class='ocrx_word' id='word_1_108' title='bbox 1912 2145 1992 2201; x_wconf 80' lang='lat'>40</span> 
     </span>
     <span class='ocr_line' id='line_1_26' title="bbox 359 2229 1467 2289; baseline -0.001 0"><span class='ocrx_word' id='word_1_109' title='bbox 359 2229 442 2288; x_wconf 85' lang='lat' dir='ltr'>Te</span> <span class='ocrx_word' id='word_1_110' title='bbox 475 2229 786 2289; x_wconf 84' lang='lat' dir='ltr'>Cantaber</span> <span class='ocrx_word' id='word_1_111' title='bbox 814 2247 935 2287; x_wconf 92' lang='lat' dir='ltr'>non</span> <span class='ocrx_word' id='word_1_112' title='bbox 968 2236 1108 2288; x_wconf 89' lang='lat' dir='ltr'>ante</span> <span class='ocrx_word' id='word_1_113' title='bbox 1137 2231 1467 2288; x_wconf 89' lang='lat' dir='ltr'>domabilis</span> 
     </span>
     <span class='ocr_line' id='line_1_27' title="bbox 360 2308 1749 2387; baseline -0.001 -19"><span class='ocrx_word' id='word_1_114' title='bbox 360 2309 698 2385; x_wconf 90' lang='lat' dir='ltr'>Medusque</span> <span class='ocrx_word' id='word_1_115' title='bbox 728 2315 791 2368; x_wconf 86' lang='lat' dir='ltr'>et</span> <span class='ocrx_word' id='word_1_116' title='bbox 820 2310 1032 2381; x_wconf 80' lang='lat' dir='ltr'>Indua,</span> <span class='ocrx_word' id='word_1_117' title='bbox 1064 2317 1125 2367; x_wconf 89' lang='lat' dir='ltr'>te</span> <span class='ocrx_word' id='word_1_118' title='bbox 1154 2312 1454 2387; x_wconf 84' lang='lat' dir='ltr'>profugus</span> <span class='ocrx_word' id='word_1_119' title='bbox 1485 2308 1749 2387; x_wconf 81' lang='lat' dir='ltr'>Scythes</span> 
     </span>
     <span class='ocr_line' id='line_1_28' title="bbox 431 2389 1319 2467; baseline 0.002 -21"><span class='ocrx_word' id='word_1_120' title='bbox 431 2389 706 2460; x_wconf 88' lang='lat' dir='ltr'>Miratur,</span> <span class='ocrx_word' id='word_1_121' title='bbox 739 2408 774 2448; x_wconf 97' lang='lat' dir='ltr'>o</span> <span class='ocrx_word' id='word_1_122' title='bbox 803 2390 1000 2447; x_wconf 87' lang='lat' dir='ltr'>tutela</span> <span class='ocrx_word' id='word_1_123' title='bbox 1027 2408 1319 2467; x_wconf 90' lang='lat' dir='ltr'>praesens</span> 
     </span>
     <span class='ocr_line' id='line_1_29' title="bbox 511 2470 1450 2547; baseline 0.002 -20"><span class='ocrx_word' id='word_1_124' title='bbox 511 2470 734 2528; x_wconf 88' lang='lat' dir='ltr'>Italiae</span> <span class='ocrx_word' id='word_1_125' title='bbox 764 2470 1166 2547; x_wconf 87' lang='lat' dir='ltr'>dominaeque</span> <span class='ocrx_word' id='word_1_126' title='bbox 1199 2472 1450 2530; x_wconf 86' lang='lat' dir='ltr'>Romae.</span> 
     </span>
     <span class='ocr_line' id='line_1_30' title="bbox 359 2546 1988 2627; baseline 0.001 -19"><span class='ocrx_word' id='word_1_127' title='bbox 359 2548 441 2608; x_wconf 86' lang='lat' dir='ltr'>Te</span> <span class='ocrx_word' id='word_1_128' title='bbox 469 2550 731 2609; x_wconf 85' lang='lat' dir='ltr'>fontium</span> <span class='ocrx_word' id='word_1_129' title='bbox 761 2550 867 2625; x_wconf 91' lang='lat' dir='ltr'>qui</span> <span class='ocrx_word' id='word_1_130' title='bbox 900 2550 1057 2608; x_wconf 84' lang='lat' dir='ltr'>celat</span> <span class='ocrx_word' id='word_1_131' title='bbox 1087 2551 1350 2627; x_wconf 86' lang='lat' dir='ltr'>origines</span> <span class='ocrx_word' id='word_1_132' title='bbox 1918 2546 1988 2602; x_wconf 85' lang='lat'>45</span> 
     </span>
     <span class='ocr_line' id='line_1_31' title="bbox 359 2628 1580 2707; baseline 0.002 -20"><span class='ocrx_word' id='word_1_133' title='bbox 359 2628 652 2705; x_wconf 89' lang='lat' dir='ltr'>Nilusque</span> <span class='ocrx_word' id='word_1_134' title='bbox 681 2636 745 2688; x_wconf 88' lang='lat' dir='ltr'>et</span> <span class='ocrx_word' id='word_1_135' title='bbox 773 2630 948 2699; x_wconf 87' lang='lat' dir='ltr'>Ister,</span> <span class='ocrx_word' id='word_1_136' title='bbox 981 2636 1042 2689; x_wconf 90' lang='lat' dir='ltr'>te</span> <span class='ocrx_word' id='word_1_137' title='bbox 1071 2632 1324 2707; x_wconf 89' lang='lat' dir='ltr'>rapidus</span> <span class='ocrx_word' id='word_1_138' title='bbox 1354 2630 1580 2707; x_wconf 84' lang='lat' dir='ltr'>Tigris,</span> 
     </span>
     <span class='ocr_line' id='line_1_32' title="bbox 433 2710 1290 2786; baseline 0 -18"><span class='ocrx_word' id='word_1_139' title='bbox 433 2710 518 2769; x_wconf 87' lang='lat' dir='ltr'>Te</span> <span class='ocrx_word' id='word_1_140' title='bbox 561 2710 851 2768; x_wconf 90' lang='lat' dir='ltr'>beluosus</span> <span class='ocrx_word' id='word_1_141' title='bbox 894 2711 998 2786; x_wconf 89' lang='lat' dir='ltr'>qui</span> <span class='ocrx_word' id='word_1_142' title='bbox 1041 2712 1290 2769; x_wconf 89' lang='lat' dir='ltr'>remotis</span> 
     </span>
     <span class='ocr_line' id='line_1_33' title="bbox 517 2788 1514 2866; baseline 0 -18"><span class='ocrx_word' id='word_1_143' title='bbox 517 2788 838 2866; x_wconf 90' lang='lat' dir='ltr'>Obstrepit</span> <span class='ocrx_word' id='word_1_144' title='bbox 870 2789 1153 2849; x_wconf 90' lang='lat' dir='ltr'>Oceanus</span> <span class='ocrx_word' id='word_1_145' title='bbox 1183 2790 1514 2860; x_wconf 74' lang='lat' dir='ltr'>Britannia,</span> 
     </span>
     <span class='ocr_line' id='line_1_34' title="bbox 362 2869 1414 2946; baseline -0.001 -18"><span class='ocrx_word' id='word_1_146' title='bbox 362 2869 440 2928; x_wconf 88' lang='lat' dir='ltr'>Te</span> <span class='ocrx_word' id='word_1_147' title='bbox 467 2888 590 2928; x_wconf 91' lang='lat' dir='ltr'>non</span> <span class='ocrx_word' id='word_1_148' title='bbox 619 2871 903 2946; x_wconf 86' lang='lat' dir='ltr'>paventis</span> <span class='ocrx_word' id='word_1_149' title='bbox 934 2871 1148 2929; x_wconf 89' lang='lat' dir='ltr'>funera</span> <span class='ocrx_word' id='word_1_150' title='bbox 1180 2870 1414 2929; x_wconf 84' lang='lat' dir='ltr'>Galliae</span> 
     </span>
     <span class='ocr_line' id='line_1_35' title="bbox 365 2944 1991 3026; baseline 0.001 -19"><span class='ocrx_word' id='word_1_151' title='bbox 365 2949 680 3026; x_wconf 88' lang='lat' dir='ltr'>Duraeque</span> <span class='ocrx_word' id='word_1_152' title='bbox 710 2950 892 3008; x_wconf 91' lang='lat' dir='ltr'>tellus</span> <span class='ocrx_word' id='word_1_153' title='bbox 923 2951 1098 3009; x_wconf 90' lang='lat' dir='ltr'>audit</span> <span class='ocrx_word' id='word_1_154' title='bbox 1129 2951 1437 3023; x_wconf 90' lang='lat' dir='ltr'>Hiberiae,</span> <span class='ocrx_word' id='word_1_155' title='bbox 1917 2944 1991 3001; x_wconf 83' lang='lat'>50</span> 
     </span>
     <span class='ocr_line' id='line_1_36' title="bbox 437 3029 1473 3107; baseline -0.001 -19"><span class='ocrx_word' id='word_1_156' title='bbox 437 3029 518 3088; x_wconf 82' lang='lat' dir='ltr'>&#39;Pe</span> <span class='ocrx_word' id='word_1_157' title='bbox 549 3031 734 3088; x_wconf 87' lang='lat' dir='ltr'>caede</span> <span class='ocrx_word' id='word_1_158' title='bbox 765 3031 1107 3106; x_wconf 88' lang='lat' dir='ltr'>gaudentes</span> <span class='ocrx_word' id='word_1_159' title='bbox 1139 3030 1473 3107; x_wconf 84' lang='lat' dir='ltr'>Sygambri</span> 
     </span>
     <span class='ocr_line' id='line_1_37' title="bbox 515 3109 1517 3187; baseline -0.003 -17"><span class='ocrx_word' id='word_1_160' title='bbox 515 3109 891 3187; x_wconf 81' lang='lat' dir='ltr'>Compositis</span> <span class='ocrx_word' id='word_1_161' title='bbox 919 3118 1289 3169; x_wconf 87' lang='lat' dir='ltr'>venerantur</span> <span class='ocrx_word' id='word_1_162' title='bbox 1318 3111 1517 3169; x_wconf 83' lang='lat' dir='ltr'>armis.</span> 
     </span>
    </p>
   </div>
   <div class='ocr_carea' id='block_1_3' title="bbox 65 3220 1945 3357">
    <p class='ocr_par' dir='ltr' id='par_1_3' title="bbox 65 3220 1945 3357">
     <span class='ocr_line' id='line_1_38' title="bbox 65 3220 1945 3357; baseline -0.001 -63"><span class='ocrx_word' id='word_1_163' title='bbox 65 3272 72 3333; x_wconf 58' lang='grc' dir='ltr'><strong><em>Γ</em></strong></span> <span class='ocrx_word' id='word_1_164' title='bbox 195 3248 242 3294; x_wconf 75' lang='lat'>20</span> <span class='ocrx_word' id='word_1_165' title='bbox 256 3249 488 3296; x_wconf 72' lang='lat' dir='ltr'>indomitus</span> <span class='ocrx_word' id='word_1_166' title='bbox 549 3251 608 3296; x_wconf 84' lang='lat'>26</span> <span class='ocrx_word' id='word_1_167' title='bbox 630 3220 828 3312; x_wconf 66' lang='lat' dir='ltr'>parauit</span> <span class='ocrx_word' id='word_1_168' title='bbox 889 3251 1223 3357; x_wconf 54' lang='lat' dir='ltr'>²{gnffi2tt2trur</span> <span class='ocrx_word' id='word_1_169' title='bbox 1285 3252 1341 3296; x_wconf 85' lang='lat'>32</span> <span class='ocrx_word' id='word_1_170' title='bbox 1365 3250 1500 3296; x_wconf 75' lang='lat' dir='ltr'>humi</span> <span class='ocrx_word' id='word_1_171' title='bbox 1562 3249 1620 3294; x_wconf 77' lang='lat'>35</span> <span class='ocrx_word' id='word_1_172' title='bbox 1643 3247 1945 3293; x_wconf 65' lang='lat' dir='ltr'>nomana</span> 
     </span>
    </p>
   </div>
   <div class='ocr_carea' id='block_1_4' title="bbox 60 2906 68 3505">
    <p class='ocr_par' dir='ltr' id='par_1_4' title="bbox 60 2906 68 3505">
     <span class='ocr_line' id='line_1_39' title="bbox 60 2906 68 3505; baseline 0 0"><span class='ocrx_word' id='word_1_173' title='bbox 60 2906 68 3505; x_wconf 95' lang='lat' dir='ltr'> </span> 
     </span>
    </p>
   </div>
  </div>
 </body>
</html>
