2367 3784
249 131 375 193 236
1041 145 1329 191 HORA'PI

247 312 255 318 '
330 306 605 365 Maxima
633 322 775 381 pars
805 314 1032 374 vatum,
1066 310 1237 379 pater
1265 309 1327 361 et
1360 306 1617 378 juvenes
1648 307 1815 377 patre
1844 302 2034 377 digni,

254 387 611 461 Decipimur
641 385 833 461 specie
865 385 1046 442 recti:
1092 384 1297 441 brevis
1325 401 1459 440 esse
1489 383 1715 455 labor0,
2042 383 2117 440 25

255 466 564 524 Obscurus
595 465 669 521 fio
697 487 710 539 3
756 473 1089 522 sectantem
1119 465 1283 521 levia
1311 464 1480 520 nervi

255 547 558 605 Deficiunt
589 545 932 620 animique3
978 545 1288 619 professus
1321 543 1578 617 grandia
1606 548 1850 618 turget3

258 626 459 702 Serpit
489 626 655 682 humi
686 633 859 682 tutus
890 626 1144 682 nimium
1174 625 1544 699 timidusque
1573 624 1902 698 procellae3

259 708 379 780 Qui
412 708 644 763 variare
677 706 842 781 cupit
870 724 994 762 rem
1026 704 1445 780 prodigialiter
1475 722 1675 773 unam,

261 786 631 862 Delphinum
663 786 836 842 silvis
868 786 1161 861 appingit,
1197 785 1479 842 fiuctibus
1510 803 1755 860 aprum:
2041 783 2121 839 30

258 866 333 924 In
364 867 578 924 vitium
607 866 773 923 ducit
802 867 1014 942 culpae
1047 867 1211 940 fuga,
1245 866 1296 923 si
1326 871 1489 923 caret
1518 872 1662 922 arte.

339 1022 672 1080 Aemilium
703 1021 858 1079 circa
885 1021 1096 1078 ludum
1124 1021 1293 1078 faber
1321 1038 1478 1077 unus
1508 1026 1570 1077 et
1598 1037 1835 1094 ungues

258 1101 573 1177 Exprimet
603 1108 664 1158 et
692 1102 904 1159 molles
935 1102 1273 1159 imitabitur
1304 1119 1437 1157 aere
1469 1100 1736 1176 capiIIOS,

258 1182 479 1239 Infelix
508 1182 708 1256 operis
739 1200 991 1250 summa,
1024 1182 1167 1256 quia
1196 1199 1416 1257 ponere
1445 1187 1641 1237 totum

260 1262 523 1321 Nesciet.
610 1262 792 1319 Hunc
821 1280 934 1337 ego
964 1280 1077 1330 me,
1111 1262 1162 1318 si
1197 1262 1340 1337 quid
1371 1279 1725 1336 componere
1756 1277 1976 1330 curem,
2042 1261 2124 1317 35

258 1341 398 1399 Non
428 1343 624 1416 magis
654 1361 786 1399 esse
819 1342 1015 1412 velim,
1048 1360 1229 1416 quam
1263 1359 1410 1398 naso
1442 1342 1644 1397 vivere
1674 1350 1877 1416 prave,

261 1421 671 1499 Spectandum
701 1423 893 1497 nigris
923 1422 1112 1480 oculis
1140 1423 1433 1497 nigroque
1465 1422 1698 1496 capillo,

340 1586 574 1645 Sumite
606 1586 920 1644 materiam
953 1587 1193 1656 vestris,
1231 1587 1332 1661 qui
1366 1585 1650 1654 scribitis
1686 1602 1940 1660 aequam

259 1666 525 1735 Viribus,
559 1674 619 1724 et
650 1675 887 1724 versate
920 1668 1023 1724 diu
1055 1668 1200 1742 quid
1232 1669 1382 1723 ferre
1413 1672 1706 1735 recusent,

261 1747 421 1820 Quid
454 1747 699 1804 valeant
730 1747 980 1805 humeri.
1073 1747 1189 1804 Cui
1221 1747 1376 1804 lecta
1406 1753 1683 1822 potenter
1710 1746 1826 1802 erit
1854 1762 1969 1815 reS,
2043 1748 2122 1804 40

259 1826 313 1883 N
321 1845 388 1883 ec
419 1827 702 1883 facundia
733 1827 968 1884 deseret
997 1827 1156 1884 hunc
1185 1846 1296 1884 nec
1326 1826 1563 1883 lucidus
1595 1826 1755 1883 ordO.

341 1993 589 2052 Ordinis
620 1994 767 2052 haec
799 1996 993 2053 virtus
1023 1997 1135 2053 erit
1164 2000 1227 2052 et
1257 2013 1465 2064 venuS‚
1500 2000 1605 2051 aut
1633 2011 1748 2068 ego
1778 1992 1967 2063 fallor,

258 2074 348 2131 Ut
382 2077 509 2148 jam
542 2093 701 2131 nunc
730 2075 892 2132 dicat
925 2078 1051 2150 jam
1085 2093 1243 2132 nunc
1274 2075 1556 2131 debentia
1586 2074 1718 2143 dici,

261 2154 558 2230 Pleraque
589 2154 827 2212 differat
855 2162 917 2212 et
944 2172 1231 2232 praesens
1263 2156 1326 2211 in
1354 2162 1596 2229 tempus
1628 2155 1887 2211 omittat.

338 2315 413 2373 In
444 2316 646 2371 verbis
675 2315 859 2373 etiam
889 2317 1091 2373 tenuis
1121 2322 1457 2391 cautusque
1488 2316 1775 2385 serendis,
2044 2318 2122 2374 45

260 2395 398 2452 Hoc
429 2402 606 2458 amet.
640 2395 751 2452 hoc
783 2404 1027 2471 spernat
1054 2398 1333 2470 promissi
1365 2397 1649 2454 carminis
1680 2403 1902 2453 auctor.

260 2475 503 2532 Dixeris
532 2477 789 2549 egregie,
823 2482 1033 2532 notum
1064 2476 1114 2532 si
1143 2477 1365 2534 callida
1396 2477 1646 2532 verbum

260 2555 627 2612 Reddiderit
660 2557 948 2629 junctura
979 2574 1219 2614 novum.
1313 2556 1377 2614 Si
1408 2556 1560 2613 forte
1592 2573 1836 2612 necesse
1864 2560 1961 2612 est

259 2635 511 2692 Iudiciis
542 2643 877 2693 monstrare
910 2637 1251 2693 recentibus
1285 2637 1493 2693 abdita
1524 2654 1739 2706 rerum,

260 2715 522 2788 Fingere
555 2716 839 2773 cinctutis
870 2736 990 2775 non
1021 2718 1310 2774 exaudita
1342 2716 1634 2791 Cethegis
2049 2718 2127 2773 50

263 2795 608 2866 Continget,
644 2797 1005 2873 dabiturque
1038 2798 1286 2855 licentia
1316 2804 1564 2871 sumpta
1589 2796 1923 2872 pudenter;

260 2876 343 2932 Et
372 2892 532 2930 nova
562 2874 818 2950 fictaque
849 2896 1038 2952 nuper
1070 2878 1381 2934 habebunt
1412 2878 1598 2933 verba
1627 2877 1821 2944 fidem,
1855 2877 1908 2933 si

261 2955 491 3013 Graeco
522 2955 688 3010 fonte
720 2957 950 3025 cadent,
983 2976 1159 3032 parce
1192 2959 1446 3013 detorta.
1536 2958 1696 3030 Quid
1729 2963 1931 3013 autem

262 3034 527 3093 Caecilio
560 3033 898 3111 Plautoque
930 3038 1101 3094 dabit
1132 3038 1449 3094 Romanus
1480 3037 1833 3112 ademptum

410 3226 469 3270 26
490 3226 620 3269 lenia
680 3224 738 3269 29
762 3238 875 3280 rem,
898 3228 1234 3285 prodigialiter
1255 3242 1353 3271 una
1376 3229 1496 3286 (una
1518 3245 1541 3272 e
1562 3229 1704 3286 coni.)
1770 3229 1827 3273 32
1851 3229 1977 3271 imus

319 3287 379 3332 42
399 3285 531 3332 haud
553 3297 641 3341 ego
762 3299 921 3329 uerene
952 3289 1024 3341 45,
1042 3289 1099 3331 46
1118 3289 1302 3331 inuersa
1323 3289 1487 3332 ordine
1505 3289 1717 3333 exhibent
1741 3289 1856 3332 libri
1865 3289 2073 3348 plurimi

852 3346 910 3387 49
935 3359 1091 3389 rerum
1115 3351 1163 3389 et
1288 3349 1343 3390 53
1367 3350 1545 3392 cadant
