2367 3784
928 165 1069 212 ms.
1118 165 1236 210 111.
1287 149 1502 210 24-26
2059 145 2141 208 87

431 324 558 383 Seu
602 324 831 384 Graeco
867 324 1088 397 jubeas
1133 322 1360 393 trocho,

516 405 640 464 Seu
680 404 856 461 malis
901 402 1091 460 vetita
1133 402 1371 477 legibus
1414 403 1562 472 alea,

433 485 593 544 Cum
636 485 876 560 perjura
918 483 1112 558 patris
1157 483 1306 539 fides

514 565 875 622 Consortem
909 563 1138 621 socium
1170 564 1345 620 sallat
1374 569 1436 620 et
1465 561 1754 637 hospites,
2073 563 2147 618 60

431 646 819 720 Indignoque
865 645 1187 720 pecuniam

518 726 748 783 Heredi
777 732 1072 800 properet.
1165 723 1408 780 Scilicet
1439 722 1746 797 improbae

436 805 738 863 Crescunt
781 804 1072 861 divitiae:
1116 810 1322 860 tamen

520 884 749 943 Curtae
782 885 988 941 nescio
1020 884 1167 959 quid
1200 899 1435 959 semper
1465 882 1639 939 abest
1667 882 1793 939 rei.·

1107 1109 1321 1167 xxv.
1544 1042 1693 1169 315

442 1236 581 1308 Quo
623 1252 736 1304 me,
783 1232 1042 1303 Bacche,
1089 1233 1254 1307 rapis
1296 1233 1386 1288 tui

524 1313 781 1370 Plenum
803 1311 827 1370 ἲ
860 1331 1014 1390 quae
1039 1329 1287 1369 nemora
1308 1317 1414 1368 aut
1433 1328 1587 1387 quos
1608 1328 1757 1386 agor
1774 1311 1837 1367 in
1858 1328 2074 1386 specus

441 1393 642 1451 Velox
682 1399 884 1449 mente
928 1389 1134 1449 nova?
1179 1392 1399 1468 quibus

527 1474 744 1533 Antris
786 1473 1015 1548 egregii
1064 1472 1351 1531 Caesaris
1394 1471 1607 1529 audiar

448 1555 785 1612 Aeternum
829 1554 1129 1610 meditans
1173 1553 1358 1610 decus
2115 1553 2154 1608 5

530 1634 737 1692 Stellis
767 1634 1030 1690 inserere
1061 1639 1123 1691 et
1153 1633 1405 1690 consilio
1435 1632 1478 1689 J
1482 1630 1658 1697 ovis?

447 1715 666 1773 Dicam
708 1715 968 1789 insigne,
1016 1731 1242 1782 recenS,
1290 1713 1486 1770 adhuc

530 1794 837 1852 Indictum
868 1812 968 1853 ore
1006 1795 1138 1851 ali0.
1229 1788 1373 1852 Non
1400 1810 1577 1849 secus
1605 1792 1666 1848 in
1702 1791 1872 1867 jugis

450 1867 777 1933 Exsomnis
821 1881 1026 1951 stupet
1072 1875 1283 1944 EuiaS,
1355 1856 1539 1945 5931,

533 1954 808 2012 Hebrum
840 1955 1227 2030 prospiciens
1257 1961 1319 2012 et
1350 1956 1488 2012 nive
1519 1952 1842 2010 candidam
2092 1952 2162 2013 10

451 2034 727 2093 Thracen
771 2052 840 2092 ac
882 2036 1036 2109 pede
1083 2035 1340 2092 barbaro

535 2115 885 2173 Lustratam
922 2115 1287 2190 Rhodopen,
1321 2121 1390 2171 ut
1417 2114 1567 2171 mihi
1596 2114 1774 2187 devio

450 2196 647 2271 Ripas
691 2202 753 2253 et
797 2215 1054 2253 vacuum
1103 2212 1317 2252 nemus

536 2275 747 2333 Mirari
775 2276 936 2333 libet.
1026 2275 1077 2333 O
1112 2275 1424 2332 Naiadum
1451 2281 1687 2351 potens,

453 2356 950 2432 Baccharumque
997 2356 1336 2413 valentium
2090 2352 2161 2406 15

536 2436 828 2494 Proceras
858 2437 1142 2493 manibus
1175 2442 1410 2493 vertere
1443 2437 1730 2506 fraxinos,

456 2515 560 2573 Nil
603 2534 861 2590 parvum
908 2523 1014 2573 aut
1058 2515 1274 2573 humili
1317 2516 1515 2586 modO,

541 2595 643 2652 Nil
673 2597 927 2653 mortale
959 2597 1189 2672 loquar.
1277 2596 1468 2654 Dulce
1500 2596 1833 2671 periculum
1865 2600 1976 2661 est,

459 2674 513 2731 Ο
556 2675 813 2745 Lenaee,
860 2677 1029 2752 sequi
1077 2677 1255 2733 deum

543 2755 909 2831 cingentem
940 2756 1120 2816 viridi
1150 2761 1432 2830 tempora
1460 2755 1764 2830 pampino
2093 2752 2167 2807 20

1107 2980 1355 3037 XXVI.
1596 2918 1885 3056 ‘W

543 3104 687 3161 Vixi
730 3105 946 3179 puellis
990 3122 1180 3179 nuper
1225 3104 1480 3160 idoneus

542 3183 627 3241 Et
668 3185 925 3241 militavi
972 3202 1090 3240 non
1135 3185 1265 3240 sine
1310 3183 1541 3257 gloria3

427 3339 482 3382 60
506 3337 746 3399 hospitem
811 3341 838 3383 2
862 3341 913 3382 in
937 3351 1135 3381 nemora
1197 3339 1223 3380 2
1247 3342 1295 3380 et
1317 3351 1436 3396 quos
1502 3339 1528 3379 6
1551 3337 1751 3380 concilio
1816 3336 1842 3377 9
1866 3333 2050 3377 Euhias

547 3400 602 3441 12
627 3414 681 3443 ac
707 3398 830 3442 mihi
927 3399 983 3441 13
1012 3409 1171 3456 rupea,
1194 3398 1323 3440 rivos
1346 3396 1481 3439 Bent.
1576 3397 1631 3437 18
1654 3398 1725 3437 est
1747 3395 1870 3436 omit.
