2367 3784
201 116 330 178 216
702 130 989 175 HORA'PI
1040 131 1583 179 nmsrvLARvM

204 289 563 365 Propugnat
594 288 772 363 nugis
805 294 1109 347 armatus:
1158 294 1192 318 “
1219 288 1464 347 Scilicet
1494 296 1564 347 ut
1592 310 1715 348 non

206 370 300 428 Sit
328 370 481 425 mihi
510 370 707 444 prima
739 368 901 436 fides,
928 375 989 425 et
1021 388 1158 426 vere
1191 370 1352 445 quod
1384 371 1585 446 placet
1615 378 1685 428 ut
1714 391 1835 430 non

203 450 446 509 Acriter
474 447 757 506 elatremi
846 449 1121 505 Pretium
1154 457 1323 506 aetas
1358 451 1548 507 altera
1581 453 1848 511 so1·det.’'

203 530 560 604 Ambigitur
583 529 727 604 quid
752 527 958 585 enim?
1049 529 1270 587 Castor
1302 531 1456 587 sciat
1481 550 1556 588 an
1585 531 1876 590 Dolichos
1898 534 2035 610 plus
2061 555 2076 608 3

202 611 600 668 Brundisium
631 609 864 665 Minuci
895 610 1114 666 melius
1146 611 1250 666 via
1281 610 1464 668 ducat
1494 629 1572 668 an
1603 613 1786 688 Appi.
1978 625 2054 680 20

204 691 400 764 Quem
428 692 723 747 damnosa
758 690 985 759 VenuS,
1022 709 1202 764 quem
1235 708 1525 767 praeceps
1557 691 1690 749 alea
1719 694 1929 764 nudat,

205 771 413 830 Gloria
442 789 620 845 quem
653 788 835 845 supra
865 776 1024 827 vires
1056 777 1118 827 et
1150 773 1338 828 vestit
1369 779 1433 829 et
1461 774 1697 845 unguit,

206 851 400 924 Quem
428 857 597 908 tenet
627 852 864 924 argenti
897 852 1034 907 sitis
1069 853 1422 925 importuna
1453 853 1779 928 famesque,

205 932 399 1004 Quem
427 932 808 1007 paupertatis
837 932 1031 1005 pudor
1062 939 1125 988 et
1157 932 1319 1006 fuga,
1355 933 1529 989 dives
1560 935 1793 991 amicus

205 1010 397 1086 Saepe
428 1012 634 1069 decem
666 1012 832 1067 vitiis
864 1012 1219 1068 instructior
1251 1012 1380 1069 odit
1411 1021 1472 1069 et
1502 1013 1723 1086 horret,
1981 1024 2056 1081 25

204 1090 349 1160 Aut,
383 1094 435 1148 si
467 1110 585 1149 11011
615 1092 761 1159 odit,
794 1092 967 1165 regit,
1004 1111 1071 1149 ac
1104 1092 1295 1149 veluti
1324 1093 1427 1167 pia
1456 1100 1649 1150 mater

204 1171 353 1228 Plus
383 1190 564 1246 quam
596 1189 660 1228 se
691 1189 900 1245 sapere
931 1179 993 1228 et
1026 1172 1355 1229 virtutibus
1387 1191 1520 1229 esse
1549 1173 1806 1249 priorem

204 1252 370 1320 Volt,
403 1258 463 1308 et
493 1253 575 1309 ait
603 1270 788 1327 prope
820 1270 997 1309 vera:
1049 1252 1279 1309 “Meae
1314 1252 1706 1324 (contendere
1739 1255 1860 1312 noli
1883 1254 1929 1330 1)

205 1330 543 1389 Stultitiam
573 1334 889 1407 patiuntur
921 1350 1100 1407 opes-3
1146 1333 1262 1389 tibi
1293 1333 1551 1409 parvula
1580 1352 1675 1391 res
1703 1343 1831 1391 est:

204 1412 364 1470 Arta
392 1413 564 1469 decet
594 1430 808 1469 sanum
842 1414 1123 1470 comitem
1156 1418 1338 1486 toga3
1383 1413 1588 1470 desine
1620 1432 1855 1471 mecum
1988 1425 2063 1480 30

206 1491 509 1549 Certare.⁷'
592 1492 961 1567 Eutrapelus
994 1494 1350 1567 cuicumque
1384 1510 1597 1551 nocere
1629 1494 1874 1551 volebat

205 1572 593 1629 Vestimenta
620 1573 804 1629 dabat
832 1574 1135 1648 pretiosa:
1185 1573 1402 1630 beatus
1432 1574 1594 1629 enim
1628 1577 1755 1647 jam

207 1652 360 1711 Cum
389 1653 658 1726 pulchris
687 1653 908 1710 tunicis
940 1665 1142 1710 sumet
1175 1671 1337 1710 nova
1368 1653 1621 1710 consilia
1650 1659 1711 1709 et
1740 1670 1897 1728 spes,

206 1733 481 1790 Dormiet
511 1735 572 1789 in
604 1733 813 1802 lucem,
848 1739 1046 1789 scorto
1078 1739 1411 1808 postponet
1444 1733 1769 1794 honestum

206 1812 496 1882 Officium,
530 1830 808 1869 nummos
839 1813 1068 1869 alienos
1098 1821 1324 1888 pascet,
1360 1814 1436 1870 ad
1467 1814 1655 1870 imum
1990 1822 2064 1878 35

206 1894 406 1951 Threx
435 1894 551 1950 erit
582 1899 688 1949 aut
718 1893 955 1950 olitoris
987 1900 1130 1967 aget
1161 1894 1436 1951 mercede
1468 1894 1784 1950 caballum.

207 1975 517 2030 Arcanum
550 1991 740 2048 neque
771 1980 840 2029 tu
869 1974 1240 2030 scrutaberis
1271 1974 1436 2030 illius
1466 1991 1771 2048 umquam,

208 2054 731 2128 Commissumque
761 2057 934 2127 teges
964 2060 1026 2110 et
1056 2053 1198 2110 vino
1230 2062 1430 2110 tortus
1458 2059 1522 2111 et
1549 2055 1655 2111 ira.

205 2133 332 2190 Nec
360 2139 466 2190 tua
494 2133 775 2190 laudabis
805 2134 1010 2191 studia
1041 2141 1146 2191 aut
1177 2135 1379 2191 aliena
1401 2117 1744 2208 reprendeS,

205 2214 349 2281 Nec,
381 2232 517 2271 cum
546 2223 756 2270 venari
787 2213 952 2271 volet
981 2214 1099 2283 ille,
1134 2220 1423 2290 poemata
1451 2232 1701 2288 pange-S.
1992 2223 2070 2277 40

207 2294 418 2352 Gratia
448 2294 534 2351 sic
564 2295 820 2350 fratrum
851 2295 1249 2368 geminorum,
1284 2294 1657 2369 Amphionis
1688 2298 1869 2368 atque

204 2375 397 2444 Zethi,
433 2374 711 2443 dissiluit,
744 2375 934 2431 donec
965 2381 1250 2449 suspecta
1282 2392 1493 2431 severo

209 2455 518 2513 Conticuit
547 2454 696 2528 lyra.
788 2454 1101 2511 Fraternis
1134 2456 1390 2512 cessisse
1419 2459 1672 2530 putatur

206 2534 482 2591 Moribus
519 2534 859 2609 Amphion:
904 2540 970 2591 tu
1002 2536 1145 2592 cede
1177 2535 1444 2610 potentis
1476 2534 1653 2590 amici

207 2614 472 2672 Lenibus
500 2615 786 2689 irnperiiS,
821 2616 1221 2691 quotiensque
1252 2616 1468 2672 educet
1496 2614 1561 2670 in
1591 2631 1775 2689 agros
1996 2617 2072 2676 45

207 2695 445 2753 Aetolis
475 2700 724 2751 onerata
751 2695 954 2769 plagis
987 2699 1267 2769 Jumenta
1296 2712 1611 2768 canesque,

208 2774 402 2853 Surge
428 2782 493 2846 et
520 2775 886 2832 inhumanae
921 2777 1157 2832 senium
1191 2777 1422 2850 depone
1456 2773 1777 2843 Camenae,

212 2854 406 2912 Cenes
436 2861 504 2911 ut
531 2858 759 2929 pariter
787 2855 1100 2930 pulmenta
1130 2856 1439 2913 laboribus
1469 2859 1710 2928 e1npta3

208 2935 505 2991 Romanis
535 2936 824 2992 sollemne
857 2936 1003 2993 viris
1033 2954 1201 3012 opuS,
1236 2935 1384 2992 utile
1418 2935 1615 2990 famae

206 3014 509 3089 Vitaeque
538 3020 600 3071 et
629 3017 934 3084 membriS‚
967 3017 1321 3091 praesertim
1353 3032 1488 3072 cum
1521 3014 1727 3070 valeas
1754 3016 1816 3068 et
1992 3008 2071 3063 50

207 3093 325 3151 Vel
356 3113 534 3152 cursu
564 3112 847 3168 superare
879 3113 1088 3152 canem
1121 3096 1216 3153 vel
1250 3095 1485 3153 viribus
1518 3110 1728 3169 aprum

211 3174 438 3233 Possis,
526 3175 723 3245 Adde,
757 3175 955 3232 virilia
984 3176 1146 3252 quod
1177 3174 1511 3252 speciosius
1543 3190 1713 3230 arma

288 3315 347 3359 22
369 3314 510 3372 ungit
570 3315 628 3358 28
652 3315 756 3371 agit
817 3315 874 3358 35
896 3328 1065 3359 numos
1129 3315 1187 3359 36
1212 3314 1375 3359 Thrax
1438 3313 1494 3359 37
1517 3314 1663 3358 ullius
1725 3310 1783 3355 40
1806 3321 1992 3370 pangat

961 3376 1020 3418 45
1043 3374 1326 3435 quotiesque
