2367 3784
944 183 1089 229 me.
1136 183 1242 232 1v.
1286 169 1345 246 4,
1379 169 1420 232 5
2038 172 2120 232 99

492 341 782 418 Dixitque
814 340 1062 398 tandem
1093 341 1358 415 perfidus
1392 341 1738 400 Hannibal:

496 427 527 452 “
552 422 748 491 Cervi,
782 422 1064 496 luporum
1095 422 1320 496 praeda
1349 423 1678 497 rapacium,
2039 429 2112 483 50

574 503 892 561 Sectamur
921 501 1079 558 ultro
1109 518 1263 576 quos
1293 502 1533 577 opimus

653 582 888 639 Fallere
919 588 981 638 et
1010 581 1271 656 effugere
1303 589 1398 639 est
1427 583 1788 660 triumphus

498 662 677 734 Gens,
711 681 865 738 quae
896 671 1163 719 cremato
1198 662 1371 719 fortis
1402 664 1477 720 ab
1508 664 1623 722 Ilio

496 743 539 803 J
543 751 745 802 actata
775 743 992 800 Tuscis
1027 743 1396 817 aequoribus
1427 761 1599 802 sacra

574 823 891 898 Natosque
921 828 1322 898 maturosque
1355 831 1564 899 patres
2039 830 2111 885 55

659 904 922 961 Pertulit
954 903 1275 961 Ausonias
1307 905 1383 961 ad
1415 906 1612 976 urbeS,

500 984 683 1043 Duris
713 990 782 1040 ut
811 983 933 1040 ilex
962 990 1144 1040 tonsa
1178 984 1544 1060 bipennibus

497 1063 554 1122 N
564 1066 729 1136 igr-rae.
758 1063 939 1121 feraci
969 1063 1203 1121 frondis
1233 1064 1299 1121 in
1329 1066 1580 1140 Algido,

579 1145 695 1201 Per
726 1145 968 1213 damna,
1001 1162 1108 1219 per
1138 1145 1371 1214 caedeS,
1405 1147 1480 1203 ab
1509 1147 1645 1222 ipso

658 1225 843 1282 Ducit
873 1242 1018 1301 opes
1051 1225 1446 1301 animumque
1477 1228 1649 1286 ferro.
2040 1229 2114 1285 60

497 1304 557 1363 N
562 1322 638 1362 on
669 1304 892 1379 Hydra
920 1310 1085 1362 secto
1119 1323 1365 1380 corpore
1397 1307 1620 1365 firmior

463 1383 676 1442 “Vinci
707 1386 1008 1443 dolentem
1044 1387 1238 1442 crevit
1272 1387 1331 1443 in
1364 1386 1706 1460 Herculem,

578 1465 1001 1523 Monstrumve
1051 1466 1388 1524 submisere
1436 1467 1646 1526 Colchi

657 1545 864 1621 Majus
908 1546 1323 1605 Echioniaeve
1369 1546 1628 1606 Thebae.

367 1624 464 1702 ᾧ
501 1624 732 1684 Merses
760 1626 1073 1702 profund0‚
1110 1627 1418 1702 pulchrior
1446 1629 1687 1703 evenit3
2042 1629 2113 1683 65

501 1699 773 1777 Luctere,
808 1707 999 1764 multa
1029 1714 1282 1782 proruet
1313 1708 1617 1783 integrum

580 1786 732 1846 Cum
764 1787 943 1845 laude
979 1788 1292 1856 victorem,
1329 1795 1618 1864 geretque

658 1868 901 1925 Proelia
931 1868 1297 1943 conjugibus
1329 1868 1643 1945 loquenda.

501 1946 865 2023 Carthagini
899 1950 1027 2022 jam
1062 1967 1182 2006 non
1216 1968 1331 2024 ego
1361 1949 1609 2017 nuntios

501 2027 751 2085 Mittam
782 2028 1114 2104 superbos:
1163 2030 1398 2093 occidit.
1432 2031 1653 2101 occidit
2041 2028 2112 2086 ’10

582 2108 737 2182 Spes
781 2109 979 2166 omnis
1021 2115 1084 2167 et
1128 2110 1375 2167 fortuna
1418 2111 1609 2168 nostri

657 2188 945 2246 Nominis
978 2189 1370 2248 Hasdrubale
1401 2191 1781 2268 interempta

499 2267 603 2324 Nil
638 2267 930 2326 Claudiae
960 2287 1081 2327 non
1114 2270 1426 2346 perficient
1455 2289 1692 2339 manus,

500 2347 666 2421 Quas
694 2354 758 2406 et
787 2348 1050 2423 benigno
1082 2351 1331 2408 numine
1360 2351 1403 2411 J
1407 2352 1650 2428 uppiter

577 2427 884 2499 Defendit,
930 2435 993 2486 et
1035 2448 1212 2489 curae
1257 2449 1513 2506 sagaces
2041 2427 2113 2485 75

656 2507 1011 2585 Expediunt
1052 2529 1158 2587 per
1204 2517 1383 2570 acuta
1426 2510 1627 2570 belli.'’

1156 2706 1233 2765 v.
1365 2646 1531 2766 ᾧ

497 2825 673 2884 Divis
703 2832 833 2884 orte
863 2826 1056 2897 boniS,
1091 2826 1317 2903 optime
1348 2826 1648 2885 Romulae

501 2904 727 2964 Custos
757 2907 978 2981 gentiS,
1012 2907 1157 2964 abes
1192 2908 1321 2980 jam
1356 2907 1607 2964 nimium
1640 2907 1780 2982 diu3

499 2984 811 3044 Maturum
844 2988 1105 3045 reditum
1136 2985 1445 3062 pollicitus
1475 2993 1718 3064 patrum

661 3066 887 3125 Sancto
930 3067 1202 3135 concilio,
1249 3068 1396 3126 redi.

500 3145 730 3205 Lucem
759 3148 943 3206 redde
973 3155 1133 3219 tuae,
1167 3148 1294 3206 dux
1322 3149 1496 3221 bone,
1530 3148 1799 3224 patriae:
2081 3144 2114 3198 5

331 3300 385 3346 62
407 3305 479 3346 est
498 3317 584 3348 om.
680 3302 737 3347 6⁰
762 3303 1045 3363 animosque
1138 3303 1196 3348 65
1219 3316 1404 3348 mersus
1498 3303 1555 3348 65
1579 3304 1711 3349 exiet
1805 3303 1861 3345 66
1884 3302 2073 3362 promit

503 3362 559 3407 67
583 3364 710 3420 gerit
837 3362 892 3406 ⁷3
909 3362 1166 3422 perficiunt
1289 3361 1348 3410 76
1367 3363 1500 3409 bella
1625 3363 1648 3405 1
1673 3364 1870 3420 optume

1077 3421 1108 3465 4
1126 3421 1326 3464 consilio
