2367 3784
1003 151 1147 197 11111.
1197 151 1278 196 11.
1327 135 1365 195 3
1985 136 2112 201 167

238 307 327 366 Te
340 307 661 384 quicquam
683 307 1031 383 indignum!
1067 309 1274 366 Pudor
1292 311 1325 342 ’⁷
1344 309 1544 384 inquit
1565 315 1598 339 “
1617 317 1675 367 te
1700 310 1899 367 malus
1918 312 2108 386 angit.

238 388 499 446 Insanos
529 388 636 463 qui
665 389 822 445 inter
850 407 1094 445 vereare
1126 389 1382 446 insanus
1413 390 1636 447 haberi.
2035 392 2109 447 40

239 467 518 526 Primum
550 487 691 524 nam
720 469 1020 544 inquiram
1045 469 1190 544 quid
1215 470 1296 525 sit
1304 467 1572 544 farere:
1604 470 1717 528 hoc
1748 471 1801 529 si
1829 471 1943 528 erit
1964 472 2025 527 in
2051 479 2110 530 te

241 547 400 617 Solo,
432 549 519 605 nil
550 549 737 618 verbi,
771 566 984 623 pereas
1013 551 1161 624 quin
1191 549 1445 619 fortiter,
1480 550 1718 607 addam.

239 629 439 702 Quem
470 628 633 685 mala
663 629 927 685 stultitia
953 635 1015 685 et
1045 647 1485 704 quemcumque
1516 630 1760 687 inscitia
1790 631 1919 687 veri

240 708 503 766 Caecum
536 708 683 782 agit,
715 710 1004 766 insanum
1036 709 1367 784 Chrysippi
1396 710 1665 784 porticus
1693 717 1757 767 et
1784 728 1932 785 grex

237 788 558 846 Autumat.
622 788 793 845 Haec
811 789 1083 863 populos,
1101 789 1249 846 haec
1269 807 1526 863 magnos
1546 791 1804 847 formula
1824 808 2015 866 regeS,
2033 794 2106 850 45

237 868 513 943 Excepto
545 869 836 942 sapiente,
870 875 1053 926 tenet.
1140 868 1322 926 Nunc
1353 869 1554 943 accipe
1585 887 1771 945 quare

236 948 557 1023 Desipiant
588 966 797 1005 omnes
830 967 1018 1023 aeque
1052 967 1121 1006 ac
1150 957 1236 1020 tu,
1270 950 1374 1025 qui
1403 949 1515 1006 tibi
1547 967 1766 1008 nomen

236 1030 471 1086 Ins-ano
500 1046 774 1104 posuere.
861 1029 1053 1086 Velut
1083 1030 1276 1099 silvis,
1312 1030 1414 1087 ubi
1443 1030 1675 1104 passim

235 1109 529 1166 Palantes
558 1126 720 1165 error
749 1115 909 1166 certo
940 1110 1013 1166 de
1042 1111 1288 1167 tramite
1317 1109 1505 1186 pellit,

233 1189 348 1245 Ille
373 1189 806 1258 sinistrorsum,
834 1189 930 1246 hic
961 1190 1341 1248 dextrorsum
1368 1190 1525 1248 abit:
1550 1208 1707 1246 unus
1729 1188 1968 1266 utrique
2037 1196 2114 1252 50

233 1269 440 1338 Error,
476 1270 580 1326 sed
610 1269 797 1327 variis
826 1269 1029 1326 illudit
1056 1271 1367 1345 partibus:
1413 1270 1526 1327 hoc
1554 1275 1615 1327 te

235 1349 430 1407 Crede
461 1350 641 1406 modo
672 1350 971 1419 insanum,
1006 1351 1196 1408 nihilo
1226 1358 1295 1407 ut
1325 1351 1657 1425 sapientior
1685 1351 1802 1421 ille,

236 1430 354 1502 Qui
387 1438 447 1486 te
479 1430 729 1499 deridet,
764 1430 1020 1487 caudam
1051 1431 1276 1488 trahat.
1367 1431 1483 1488 Est
1514 1449 1707 1504 genus
1738 1449 1926 1488 unum

236 1509 549 1568 Stultitiae
579 1510 838 1567 nihilum
868 1512 1197 1568 metuenda
1224 1512 1515 1581 timentiS,
1545 1517 1611 1567 ut
1637 1512 1830 1586 igneS,

236 1590 327 1648 Ut
356 1608 535 1665 rupes
564 1589 905 1667 fluviosque
940 1589 1002 1646 in
1032 1608 1246 1666 campo
1276 1592 1514 1648 obstare
1544 1597 1865 1666 queratur3
2037 1596 2112 1652 55

236 1671 519 1728 Alterum
549 1676 610 1728 et
641 1670 782 1728 huic
815 1688 1026 1728 varum
1055 1676 1117 1728 et
1146 1671 1340 1728 nihilo
1371 1671 1705 1747 sapientius
1735 1672 1909 1747 ignes

238 1750 358 1808 Per
387 1751 618 1808 medios
647 1749 984 1826 fluviosque
1016 1752 1282 1809 ruentis:
1327 1751 1548 1809 clamet
1577 1752 1770 1808 amica

238 1830 458 1901 Mater,
492 1830 751 1888 honesta
782 1849 951 1888 soror
981 1849 1120 1888 cum
1149 1832 1445 1906 cognatiS,
1478 1838 1664 1906 pater,
1700 1850 1863 1902 uxor,

239 1915 269 1939 ‘⁴
294 1911 414 1967 Hic
444 1911 610 1968 fossa
638 1916 732 1968 est
762 1912 997 1986 ingenS,
1032 1911 1128 1969 hic
1158 1929 1337 1988 rupes
1367 1911 1665 1971 maxima!
1696 1930 1873 1969 serva
1893 1909 1907 1972 l
1930 1914 1964 1945 '²

235 1989 295 2047 N
299 2009 376 2047 on
406 1992 606 2065 magis
637 1990 897 2048 audierit
926 2009 1107 2066 quam
1140 1992 1367 2049 Fusius
1398 1992 1599 2049 ebrius
1629 1992 1787 2061 olim,
2040 1996 2113 2052 60

239 2069 395 2129 Cum
426 2071 691 2128 Ilionam
721 2072 996 2140 edormit,
1033 2071 1306 2130 Catienis
1336 2073 1500 2130 mille
1530 2072 1809 2129 ducentis

239 2155 270 2179 “
298 2151 513 2220 Mater,
545 2157 600 2208 te
630 2153 876 2226 appello
899 2154 926 2206 Ι
949 2155 980 2184 ’'
1024 2151 1435 2211 clamantibus,
1525 2152 1689 2211 Huic
1717 2170 1832 2228 ego
1860 2151 2082 2225 volgus

225 2229 439 2287 -Errori
470 2230 735 2288 similem
766 2240 1052 2289 cunctum
1082 2233 1347 2290 insanire
1380 2233 1621 2290 docebo,

238 2310 475 2368 Insanit
506 2318 742 2369 veteres
774 2318 1013 2369 statuas
1047 2313 1457 2389 Damasippus
1486 2312 1774 2370 emendo:

239 2389 481 2466 Integer
511 2400 607 2450 est
636 2393 860 2450 mentis
894 2392 1260 2468 Damasippi
1290 2390 1593 2453 creditor?
1678 2389 1867 2451 Estol
2040 2395 2113 2451 65

243 2473 520 2548 “Accipe
551 2474 711 2549 quod
743 2491 1078 2548 numquam
1110 2473 1329 2531 reddas
1359 2473 1568 2544 mihi,”
1599 2472 1650 2529 si
1680 2471 1794 2529 tibi
1824 2472 2038 2542 dicam,

243 2550 404 2610 Tune
436 2554 690 2610 insanus
719 2555 840 2610 eris
873 2555 925 2610 si
959 2552 1303 2629 acceperis?
1349 2571 1424 2611 an
1455 2552 1652 2627 magis
1680 2569 1887 2610 excors

241 2631 490 2704 ReJecta
517 2635 759 2708 praeda,
792 2652 975 2710 quam
1004 2651 1291 2710 praesens
1322 2633 1661 2691 Mercurius
1690 2631 1852 2689 fert?

241 2710 443 2770 Scribe
475 2714 682 2772 decem
712 2733 748 2772 a
776 2713 960 2772 Nerio
985 2733 999 2787 ;
1043 2733 1164 2772 non
1194 2721 1286 2772 est
1316 2715 1500 2771 satis:
1547 2713 1700 2770 adde
1733 2711 1983 2769 Cicutae

240 2791 469 2851 Nodosi
500 2794 748 2852 tabulas
778 2801 1037 2865 centum,
1070 2795 1235 2852 mille
1266 2795 1418 2852 adde
1449 2801 1728 2852 catenas:
2041 2793 2116 2853 70

241 2872 505 2949 Effugiet
533 2879 739 2931 tamen
769 2874 917 2932 haec
946 2875 1277 2933 sceleratus
1310 2874 1553 2932 vincula
1582 2873 1855 2930 Proteus,

171 2972 188 2987 ⁸
244 2952 394 3011 Cum
425 2955 626 3030 rapies
655 2956 719 3013 in
739 2956 843 3035 jus
872 2956 1050 3027 QES
1081 2957 1376 3014 ridentem
1409 2953 1640 3023 alieniS,

242 3031 373 3091 Fiet
402 3052 562 3109 aper,
586 3035 766 3093 modo
798 3036 948 3105 avis
966 3036 1147 3093 modo
1179 3053 1410 3104 saxum,
1436 3040 1514 3104 et,
1543 3051 1679 3090 cum
1705 3032 1882 3103 volet,
1906 3032 2096 3089 arbor.

245 3111 303 3170 Si
333 3114 489 3171 male
517 3132 643 3171 rem
673 3132 881 3189 gerere
912 3116 1114 3173 insani
1142 3120 1254 3186 est,
1288 3121 1499 3171 contra
1527 3114 1678 3169 bene
1710 3114 1861 3183 sani,

371 3289 428 3332 39
449 3293 590 3346 urget
669 3291 729 3335 48
751 3290 911 3335 insani
996 3291 1051 3335 50
1074 3291 1291 3350 utrisque
1375 3290 1431 3333 56
1453 3290 1641 3334 varium
1725 3288 1781 3330 60
1805 3286 1968 3330 Fufius

625 3350 682 3394 62
705 3351 904 3406 vulgum
1089 3351 1145 3395 69
1168 3364 1199 3394 a
1219 3351 1343 3393 omit.
1527 3348 1582 3394 72
1605 3348 1713 3390 iura
