2367 3784
160 99 287 163 248
958 116 1247 162 ΗΟΒΑΤῙ

160 273 413 331 Derisor
442 291 587 331 vero
616 274 754 350 plus
785 274 1099 333 laudatore
1132 280 1425 333 movetur.

158 354 366 428 Reges
396 354 679 411 dicuntur
708 355 917 411 multis
947 373 1161 430 urgere
1192 356 1432 413 culullis
1989 399 1993 404 .

159 434 244 492 Et
273 443 550 509 torquere
583 453 745 493 mero
776 453 954 510 quem
985 437 1366 511 perspexisse
1397 436 1699 507 laborant,
1916 438 2030 496 435

160 515 263 571 An
295 515 373 571 sit
403 515 672 572 amicitia
703 516 962 589 dignus:
1009 516 1061 573 si
1093 518 1364 573 carmina
1392 517 1633 587 condes

158 594 509 669 Numquam
540 602 599 652 te
632 596 848 653 fallant
877 596 1061 653 animi
1094 597 1208 654 sub
1239 596 1413 671 volpe
1444 597 1724 655 latentes,

242 675 540 748 Quintilio
570 676 624 732 si
655 676 801 751 quid
830 677 1133 746 recitares
1169 681 1202 706 “
1227 677 1496 751 Corrige‚
1529 678 1725 748 sodes

161 756 355 825 Hoc‚’'
386 756 605 826 aiebat,
641 760 755 814 “et
783 745 1265 815 hocJ’JssMelius
1294 764 1354 814 te
1385 775 1563 832 posse
1594 774 1869 832 negareS,

158 835 268 892 Bis
299 844 510 911 terque
540 843 855 911 expertum
886 838 1128 905 frustra,
1161 837 1360 894 delere
1381 838 1653 911 jubebat,
1914 838 2029 894 440

159 915 244 972 Et
272 916 427 973 male
457 922 734 974 tornatos
763 917 969 975 incudi
999 918 1249 975 reddere
1283 935 1513 975 versus,

164 995 230 1053 Si
262 996 581 1054 defendere
614 997 900 1055 delictum
932 1015 1117 1073 quam
1147 1005 1383 1054 vertere
1413 997 1643 1069 malles,

157 1075 412 1133 Nullum
443 1077 604 1134 ultra
632 1079 886 1134 verbum
918 1091 1025 1135 aut
1055 1095 1300 1153 operam
1330 1078 1678 1136 insumebat
1706 1078 1967 1147 inanem,

161 1156 322 1229 Quin
354 1157 481 1213 sine
514 1158 693 1214 rivali
723 1165 905 1232 teque
937 1164 1000 1215 et
1028 1164 1136 1215 tua
1166 1158 1334 1215 solus
1365 1176 1617 1215 amares

239 1237 355 1294 Vir
377 1238 572 1293 bonus
595 1243 657 1294 et
680 1238 949 1312 prudens
972 1255 1186 1295 versus
1213 1238 1610 1313 reprehendet
1639 1239 1881 1307 inertes
1916 1240 2029 1295 445

161 1315 452 1391 Culpabit
481 1318 682 1387 durOS,
719 1318 1044 1393 incomptis
1075 1319 1287 1375 allinet
1317 1325 1517 1375 atrum

160 1396 462 1456 Traverso
492 1398 724 1455 calamo
755 1398 1012 1472 signum,
1047 1399 1374 1455 ambitiosa
1403 1399 1633 1457 recidet

160 1476 554 1548 Ornamenta,
586 1496 800 1552 parum
833 1479 1010 1535 claris
1038 1478 1234 1546 lucem
1264 1478 1408 1535 dare
1439 1484 1631 1553 coget,

159 1558 401 1632 Arguet
429 1559 715 1633 ambigue
748 1559 996 1629 dictum,
1029 1564 1204 1615 muta
1249 1559 1327 1615 da
1356 1560 1610 1629 notabit,

161 1636 299 1695 Fiet
326 1638 757 1710 Aristarchus3
800 1657 922 1696 non
953 1639 1114 1696 dicet
1146 1644 1178 1668 “
1260 1656 1331 1696 ur
1357 1658 1471 1713 ego
1503 1639 1764 1696 amicum
1916 1640 2029 1695 450

161 1716 478 1775 Offendam
510 1718 574 1774 in
605 1718 788 1793 nugis
813 1716 837 1775 ⁸?
866 1720 899 1750 ”
983 1719 1121 1776 Hae
1152 1736 1352 1793 nugae
1367 1720 1540 1776 seria
1569 1720 1791 1776 ducent

26 1822 131 1926 b
160 1797 235 1855 In
263 1798 425 1856 mala
453 1799 719 1856 derisum
750 1799 930 1856 semel
964 1804 1401 1876 exceptumque
1433 1799 1691 1856 sinistre.

90 1999 95 2004 -
120 1971 207 2000 Μ’
241 1958 332 2016 Ut
359 1960 522 2017 mala
551 1978 728 2035 quem
761 1960 995 2018 scabies
1027 1966 1134 2017 aut
1162 1960 1410 2017 morbus
1438 1960 1645 2034 regius
1675 1963 1855 2064 urget

160 2038 294 2098 Aut
323 2040 619 2097 fanaticus
643 2057 805 2096 error
833 2046 895 2097 et
923 2040 1214 2097 iracunda
1245 2039 1464 2111 Diana,
1513 2025 1738 2092 ⁴7⁰³(sp
1758 2067 1804 2128 6‘

160 2118 476 2176 Vesanum
506 2120 788 2194 tetigisse
819 2121 1041 2177 timent
1071 2120 1430 2195 fugiuntque
1459 2126 1703 2196 poetam
1915 2119 2027 2175 455

162 2199 280 2273 Qui
312 2201 596 2275 sapiunt3
641 2201 884 2275 agitant
913 2200 1085 2274 pueri
1114 2200 1460 2275 incautique
1490 2204 1838 2275 sequuntur.

160 2280 297 2350 Hic,
331 2281 476 2338 dum
507 2281 787 2337 sublimis
818 2297 1033 2337 versus
1060 2286 1334 2337 ructatur
1361 2288 1423 2337 et
1451 2286 1627 2351 errat,

161 2358 227 2416 Si
259 2361 445 2417 veluti
475 2361 722 2417 merulis
752 2361 1024 2417 intentus
1054 2360 1281 2417 decidit
1311 2378 1531 2437 auceps

157 2437 234 2495 In
262 2446 515 2514 puteum
547 2441 881 2510 foveamve‚
915 2439 1053 2496 licet
1085 2445 1118 2470 “
1141 2440 1484 2498 Succurrite
1509 2443 1543 2473 '⁷
1571 2439 1825 2514 longum

159 2518 415 2591 Clamet,
451 2520 569 2577 “Io
600 2519 801 2578 cives!
827 2522 875 2589 ''‚
908 2538 1028 2577 non
1058 2519 1140 2576 sit
1170 2520 1274 2595 qui
1303 2519 1512 2577 tollere
1543 2526 1726 2577 curet.
1911 2521 2025 2576 460

158 2599 222 2657 Si
253 2609 420 2658 curet
449 2602 585 2675 quis
615 2619 791 2675 opem
822 2601 973 2657 ferre
1004 2605 1066 2656 et
1096 2600 1412 2657 demittere
1444 2600 1665 2668 funem,

157 2686 191 2710 “
214 2680 332 2754 Qui
361 2682 481 2738 scis
510 2700 587 2738 an
615 2682 880 2757 prudens
911 2680 1027 2737 huc
1056 2698 1121 2737 se
1150 2679 1481 2756 proJecerit,
1513 2686 1695 2756 atque

157 2760 398 2818 Servari
428 2760 629 2820 nolit?
653 2764 687 2794 ’'
718 2762 931 2829 dicam,
968 2760 1275 2835 Siculique
1305 2765 1519 2835 poetae

153 2839 430 2899 Narrabo
462 2843 786 2900 interitum.
877 2842 1046 2899 Deus
1075 2840 1435 2898 immortalis
1464 2839 1672 2897 haberi

158 2921 321 2979 Dum
346 2924 512 2999 cupit
536 2921 958 2997 Empedocles,
987 2922 1298 2978 ardentem
1322 2920 1584 2995 frigidus
1609 2922 1877 2978 Aetnam
1907 2920 2023 2975 465

153 3001 417 3061 Insiluit.
507 3002 602 3060 Sit
620 3004 723 3075 jus
753 3002 1050 3076 liceatque
1081 3001 1275 3077 perire
1306 3002 1535 3075 poetis:

153 3082 428 3141 Invitum
458 3083 562 3158 qui
594 3088 815 3151 servat,
850 3082 1009 3138 idem
1040 3080 1185 3139 facit
1216 3080 1526 3139 occidenti.

253 3237 340 3280 435
364 3236 583 3281 laborent
644 3231 733 3278 437
758 3232 931 3276 fallent
991 3233 1079 3276 440
1104 3234 1389 3291 expertum?
1422 3233 1629 3276 frustra:
1674 3231 1934 3290 Wakefield

150 3298 237 3341 441
262 3298 492 3341 formatos
516 3310 538 3338 e
561 3294 697 3347 coni„
719 3295 792 3336 ter
813 3295 955 3335 natos
980 3293 1097 3335 coni.
1125 3292 1259 3336 Bent.
1335 3293 1422 3336 443
1447 3293 1665 3337 sumebat
1727 3293 1815 3335 446
1839 3292 2023 3336 adlinet

184 3357 272 3403 447
297 3362 571 3415 transverso
625 3353 713 3397 450
737 3365 823 3395 neo
876 3351 965 3394 456
989 3355 1213 3395 secuntur
1266 3353 1352 3396 457
1377 3352 1603 3394 sublimes
1655 3353 1744 3395 462
1767 3352 1992 3395 deiecerit

1281 3685 1550 3759 Α
