2367 3784
842 638 911 711 Q.
960 635 1304 695 HORATI
1357 635 1677 694 FLACCI

644 816 1893 908 SATIRARVM

964 1028 1202 1076 LIBER
1240 1029 1536 1077 PRIMVS

1235 1326 1281 1384 Ι.

304 1450 445 1524 Qui
474 1449 558 1520 fit,
594 1447 937 1519 Maecena3‚
969 1454 1037 1505 ut
1066 1465 1262 1517 neme,
1294 1465 1478 1522 quam
1510 1448 1629 1506 sibi
1660 1456 1884 1509 sortem

307 1530 448 1589 Seu
476 1530 636 1587 ratio
666 1531 903 1587 dederit
932 1546 1039 1586 seu
1069 1528 1191 1586 fors
1223 1527 1520 1601 objecerit,
1556 1529 1659 1586 illa

310 1610 669 1669 Contentus
700 1610 885 1678 vivat,
919 1609 1126 1666 laudet,
1155 1607 1397 1665 diversa
1426 1608 1794 1683 sequentes?

312 1697 351 1720 “
379 1690 440 1747 O
473 1690 763 1747 fortunati
792 1686 1189 1746 mercatoresl
1215 1689 1247 1719 '’
1291 1689 1498 1762 gravis
1528 1690 1704 1747 annis

314 1769 512 1827 Miles
543 1770 646 1839 ait,
677 1769 869 1826 multo
888 1770 1017 1843 jam
1049 1768 1277 1824 fractus
1309 1769 1578 1826 membra
1606 1769 1824 1828 labore.
2173 1783 2209 1838 5

317 1850 563 1910 Contra
589 1856 900 1917 mercator,
934 1866 1150 1905 navem
1172 1849 1548 1921 jactantibus
1579 1851 1847 1921 AustriS,

316 1935 357 1960 ‘⁸
384 1930 613 1987 Militia
639 1936 735 1987 est
762 1929 976 2004 pot-ior.
1027 1928 1186 2001 Quid
1217 1927 1422 1986 enim?
1471 1928 1896 2006 Concurritur3
1928 1932 2112 1991 horae

316 2010 644 2068 Momento
673 2009 796 2067 cita
823 2026 985 2066 mors
1017 2009 1182 2064 venit
1214 2016 1320 2064 aut
1351 2009 1604 2066 victoria
1631 2010 1852 2070 laeta.''

317 2091 684 2165 Agricolam
713 2089 921 2146 laudat
940 2088 1096 2163 juris
1127 2088 1453 2163 legumque
1484 2090 1729 2163 peritae,

322 2169 465 2229 Sub
496 2170 638 2243 galli
669 2176 911 2227 cantum
941 2169 1252 2226 consultor
1283 2169 1380 2225 ubi
1413 2169 1572 2226 ostia
1600 2171 1821 2244 pulsat.
2138 2180 2206 2236 10

317 2250 464 2318 Ille,
496 2251 657 2307 datis
685 2250 941 2307 vadibus
973 2249 1074 2324 qui
1104 2266 1243 2306 rure
1273 2256 1580 2306 extractus
1611 2250 1671 2308 in
1704 2253 1914 2310 urbem
1943 2260 2055 2325 est,

320 2337 336 2361 ‘
362 2329 546 2389 Solos
573 2330 775 2387 felices
805 2330 1113 2387 viventes'
1143 2328 1369 2386 clamat
1401 2330 1497 2387 ‘in
1528 2330 1710 2389 urbe!

320 2411 553 2470 Cetera
581 2411 654 2468 de
685 2428 902 2486 genere
935 2411 1062 2480 hoc,
1097 2410 1248 2468 adeo
1281 2415 1424 2466 sunt
1453 2411 1660 2483 multa,
1692 2411 2007 2488 loquacem

317 2491 655 2549 Delassare
686 2491 893 2548 valent
923 2491 1201 2548 Fabium.
1290 2489 1348 2547 N
1353 2509 1386 2547 e
1414 2495 1475 2548 te
1506 2509 1717 2561 morer,
1752 2495 1896 2551 audi

319 2572 469 2645 Quo
496 2589 614 2628 rem
640 2572 946 2629 deducam.
1013 2571 1076 2630 Si
1102 2572 1243 2648 quis
1267 2571 1434 2641 deuS,
1463 2578 1495 2602 ‘⁶
1517 2571 1614 2629 En
1634 2576 1809 2648 eg0‚’'
1832 2575 2014 2646 dicat,
2134 2581 2201 2636 15

317 2657 358 2681 “
382 2652 532 2708 Jam
559 2651 774 2710 faciam
805 2653 968 2728 quod
1000 2653 1220 2710 voltis:
1267 2653 1388 2710 eris
1416 2658 1502 2723 tu,
1534 2654 1637 2729 qui
1669 2655 1847 2712 modo
1877 2656 2069 2728 miles,

313 2730 667 2805 Mercator3
709 2738 793 2801 tu,
826 2735 1139 2792 consultus
1170 2735 1369 2803 mod0‚
1404 2734 1706 2793 rusticus:
1752 2735 1891 2794 hinc
1922 2756 2050 2809 vos,

314 2810 464 2867 Vos
495 2810 631 2869 hinc
660 2814 914 2871 mutatis
945 2816 1236 2874 discedite
1267 2816 1557 2892 partibus,
1647 2815 1793 2875 Eia!

314 2891 496 2964 Quid
526 2892 708 2949 stetis
729 2890 753 2949 ἲ
777 2895 1133 2955 ”—nolint.
1226 2898 1416 2973 Atqui
1451 2897 1593 2954 licet
1624 2915 1756 2953 esse
1789 2898 2001 2957 beatis.

313 2972 493 3045 Quid
521 2989 739 3030 causae
767 2981 878 3046 est,
910 2978 1127 3034 merito
1157 2978 1302 3053 quin
1334 2977 1454 3033 inis
1486 2978 1525 3035 J
1534 2979 1770 3053 uppitcr
1800 2981 2014 3039 ambas
2125 2981 2199 3035 20

307 3052 531 3111 Iratus
561 3053 779 3111 buccas
811 3055 993 3126 inflet,
1027 3075 1221 3132 neque
1254 3075 1317 3115 se
1349 3058 1472 3115 fore
1502 3058 1759 3132 posthac

309 3131 481 3189 Tam
514 3133 750 3191 facilem
782 3135 959 3207 dicat,
993 3138 1154 3196 votis
1184 3143 1254 3194 ut
1281 3137 1569 3212 praebeat
1602 3137 1853 3197 aurem?

427 3303 457 3346 2
483 3316 585 3346 sors
710 3305 737 3348 2
759 3306 860 3348 ulla.
980 3308 1010 3350 4
1030 3307 1177 3351 armis
1202 3323 1225 3349 e
1248 3307 1367 3350 coni.
1491 3307 1517 3348 8
1541 3312 1625 3350 aut
1646 3309 1743 3352 cita
1866 3310 1921 3352 12
1943 3312 2107 3352 cantat

572 3364 628 3407 14
649 3377 773 3424 quae
796 3367 976 3410 lassare
1131 3367 1189 3410 16
1212 3367 1361 3410 vultis
1515 3367 1570 3409 19
1595 3368 1778 3421 nolunt,
1803 3369 1967 3411 nolent

1908 3453 1994 3497 131
