2367 3784
929 131 1074 181 mn.
1122 133 1203 180 11.
1258 118 1355 194 19,
1390 118 1475 180 20

588 289 1036 367 Nymphasque
1081 292 1401 363 discenteS,
1446 298 1509 349 et
1555 310 1731 352 aures

668 371 1078 449 Capripedum
1125 371 1485 447 Satyrorum
1532 379 1758 432 acutas,

506 450 710 510 Euoei
753 453 979 510 recenti
1024 470 1197 510 mens
1243 453 1508 528 trepidat
1550 461 1735 524 metu,

509 530 818 608 Pienoque
863 532 1090 590 Bacchi
1133 539 1379 607 pectore
1423 534 1737 592 turbidum

587 611 913 671 Laetatur!
1000 612 1206 671 Euoei
1250 631 1446 689 parce,
1492 614 1693 685 Liber,

668 692 874 763 Parce,
922 693 1097 768 gravi
1142 695 1464 753 metuende
1506 693 1757 771 thyrso!

504 771 629 830 Fas
669 774 1017 848 pervicaces
1060 780 1156 830 est
1201 774 1351 831 mihi
1397 774 1732 849 ThyiadaS,

503 851 771 927 Vinique
816 853 1062 926 fontem,
1107 854 1286 912 lactis
1327 861 1389 912 et
1430 855 1644 914 uberes

583 931 847 991 Cantare
889 934 1070 1004 rime,
1117 941 1301 1011 atque
1345 936 1578 993 truncis

661 1012 868 1090 Lapsa
909 1016 1075 1072 cavis
1120 1015 1339 1073 iterare
1382 1015 1580 1085 mella,

2058 121 2138 183 61

2062 857 2131 914 10

500 1092 626 1151 Fas
665 1099 730 1151 et
773 1095 985 1152 beatae
1030 1096 1305 1170 conjugis
1350 1095 1625 1153 additum
1668 1070 1752 1143 αἶ’
1777 1056 1845 1135 112¹
1867 1076 2022 1133 τῖε(

499 1172 705 1231 Stellis
749 1174 1056 1246 honorem,
1103 1182 1386 1252 tectaque
1432 1175 1692 1234 Penthei

580 1254 847 1328 Disjecta
889 1273 1011 1321 non
1052 1255 1175 1313 leni
1218 1258 1411 1326 ruina,

658 1335 916 1394 Thracis
957 1344 1020 1394 et
1059 1337 1322 1394 exitium
1367 1337 1653 1413 Lycurgi.

498 1412 592 1473 'ru
623 1415 815 1474 flectis
846 1435 1073 1489 amneS,
1110 1423 1177 1475 tu
1208 1435 1373 1474 mare
1404 1417 1752 1489 barbarum,

498 1495 593 1554 Tu
637 1498 935 1572 separatis
978 1498 1209 1556 uvidus
1253 1497 1314 1556 in
1347 1498 1518 1573 jugis

576 1575 756 1634 Nodo
799 1581 1033 1636 coerces
1080 1578 1363 1654 viperino

655 1657 1046 1717 Bistonidum
1093 1660 1224 1716 sine
1268 1660 1477 1717 fraude
1523 1659 1760 1734 crines;

497 1735 607 1807 Tu,
652 1756 789 1795 cum
832 1740 1106 1815 parentis
1153 1756 1345 1814 regna
1384 1758 1492 1816 per
1535 1740 1790 1797 arduum

500 1817 731 1876 Cohors
776 1818 1111 1894 Gigantum
1158 1820 1476 1878 scanderet
1518 1819 1723 1897 impia,

576 1897 886 1956 Rhoetum
929 1899 1237 1957 retorsisti
1280 1900 1475 1958 leonis
1601 1968 1621 1983 ,

654 1978 982 2054 Unguibus
1027 1980 1422 2056 horribilique
1467 1980 1661 2039 mala:

499 2057 881 2134 Quamquam
924 2060 1161 2118 choreis
1208 2061 1403 2138 aptior
1443 2065 1507 2117 et
1538 2061 1695 2135 jocis

498 2137 791 2214 Ludoque
835 2141 1051 2211 dictuS‚
1099 2158 1224 2197 non
1265 2145 1365 2219 sat
1407 2140 1666 2198 idoneus

576 2219 828 2294 Pugnae
871 2221 1181 2290 ferebaris,
1228 2221 1335 2278 sed
1375 2221 1538 2278 idem

656 2300 837 2357 Pacis
879 2319 1014 2359 eras
1060 2302 1415 2376 mediusque
1457 2300 1614 2359 belli.

487 2377 583 2449 19
626 2379 782 2438 vidit
821 2381 1030 2440 insons
1078 2381 1378 2441 Cerberus
1421 2398 1606 2439 aureo
1670 2368 1764 2449 J
1783 2378 1881 2455 f„

500 2457 700 2517 Cornu
742 2461 1043 2533 decorum,
1090 2462 1310 2519 leniter
1353 2468 1623 2520 atterens

505 2526 870 2611 ssaudam,
916 2548 979 2601 et
1022 2542 1361 2600 recedentis
1403 2539 1683 2618 trilingui

655 2618 774 2678 Ore
815 2622 1002 2697 pedes
1046 2622 1373 2698 tetigitque
1416 2638 1610 2680 crura.

0 1689 251 1745 Bao-eo
282 1637 410 1749 mag

1635 2794 1676 2871 χ.
1699 2802 1712 2857 Ξ
1733 2778 1776 2833 :g
1805 2798 1818 2809 .

496 2981 637 3039 Non
678 2972 909 3041 usitata
952 3001 1061 3044 nec
1102 2984 1273 3040 tenui
1316 2982 1469 3040 ferar

498 3056 710 3118 Penna
747 3063 1026 3120 biformis
1067 3081 1175 3138 per
1217 3062 1512 3138 liquidum
1557 3059 1804 3118 aethera

571 3139 784 3214 VateS,
830 3161 1021 3219 neque
1062 3143 1127 3200 in
1169 3144 1347 3200 terris
1390 3141 1668 3198 morabor

655 3221 949 3299 Longius,
995 3219 1347 3299 invidiaque
1391 3223 1581 3296 major

512 3379 553 3430 5,
576 3376 604 3421 7
625 3376 791 3433 euhoe,
825 3377 920 3423 heu
941 3377 1033 3423 hoe
1190 3422 1201 3431 ,
1224 3377 1250 3421 1
1272 3388 1366 3421 non
1391 3374 1526 3420 tonui
1679 3373 1705 3416 2
1727 3373 1881 3432 pinna

2055 1259 2126 1316 15

2052 1660 2126 1717 20

2052 2463 2128 2521 30
