2367 3784
1032 137 1178 185 ms.
1227 138 1274 183 1.
1328 121 1406 183 18
2033 118 2161 184 217

292 299 435 358 Nou
462 303 558 356 est
586 298 690 375 qui
718 302 975 356 tractet:
1022 298 1158 366 seiS,
1185 315 1305 373 quo
1335 296 1595 354 clamore
1626 314 1882 354 coronae

293 379 536 437 Proelia
564 378 871 435 sustineas
899 381 1297 454 campestria3
1342 378 1597 452 denique
1629 395 1878 435 saevam

292 459 578 516 Militiam
609 476 759 533 puer
788 465 850 515 et
883 458 1251 516 Cantabrica
1279 458 1436 514 bella
1466 458 1665 514 tulisti
1741 479 1750 486 ¹
2088 450 2162 507 55

268 538 423 597 -Sub
453 539 601 596 duce
633 539 736 614 qui
765 539 1017 614 templis
1048 539 1415 595 Parthorum
1447 539 1625 611 signa
1652 538 1853 612 refigit

291 618 353 676 N
360 637 487 689 uno,
518 624 597 689 et,
630 619 682 675 si
713 619 858 693 quid
889 620 1079 686 abest,
1110 618 1292 676 Italis
1321 618 1627 691 adjudicat
1659 620 1857 677 armis

295 699 406 769 Ae,
444 701 547 774 (ne
577 705 638 755 te
667 699 947 756 retrahas
973 707 1036 755 et
1068 698 1496 755 inexcusabilis
1528 699 1742 774 absis)

297 779 596 853 Quamvis
625 779 710 836 nil
741 789 915 835 extra
942 796 1260 835 numerum
1291 777 1501 835 secisse
1534 780 1898 853 modumque

299 859 512 929 Curas,
543 859 849 916 interdum
879 860 1128 933 nugaris
1158 875 1292 914 rure
1324 869 1609 932 patern03
2087 859 2161 916 60

296 938 573 996 Partitur
599 939 814 996 lintres
842 939 1179 1011 exercitus3
1221 937 1408 995 Aetia
1435 958 1643 1014 pugna

294 1019 381 1077 Te
412 1019 559 1077 duee
588 1037 696 1095 per
726 1036 945 1095 pueros
976 1017 1184 1075 hostili
1215 1036 1382 1076 more
1411 1020 1699 1093 refertur3

294 1099 707 1159 Adversarius
735 1107 831 1158 est
859 1099 1061 1172 frater,
1094 1100 1263 1157 lacus
1295 1099 1548 1167 Hadria,
1579 1099 1770 1156 donee

294 1181 676 1238 Alterutrum
708 1181 887 1238 velox
920 1181 1197 1239 Victoria
1225 1180 1434 1237 fronde
1464 1185 1725 1236 coronet.

297 1260 653 1318 Consentire
685 1262 812 1318 suis
843 1262 1065 1319 studiis
1093 1261 1195 1335 qui
1228 1260 1549 1316 crediderit
1578 1266 1656 1330 te,
2088 1273 2159 1332 65

295 1339 524 1397 Fautor
551 1348 807 1416 utroque
838 1348 1010 1398 tuum
1040 1340 1316 1397 laudabit
1343 1340 1557 1416 pollice
1587 1340 1816 1397 ludum.

296 1420 585 1478 Protinus
615 1428 683 1477 ut
712 1439 1006 1490 moneam,
1043 1420 1127 1492 (si
1157 1420 1303 1495 quid
1332 1420 1653 1477 monitoris
1681 1437 1826 1494 eges
1855 1419 1973 1496 tu,)

297 1500 455 1573 Quid
488 1502 559 1558 de
591 1519 825 1575 quoque
856 1501 987 1557 viro
1017 1508 1079 1558 et
1110 1502 1205 1557 eui
1236 1501 1421 1571 dicas,
1455 1518 1637 1575 saepe
1668 1502 1888 1557 videto,

294 1579 790 1637 Percontatorem
823 1582 1036 1655 fugito,
1069 1599 1210 1637 nam
1241 1582 1525 1655 garrulus
1555 1581 1717 1638 idem
1745 1585 1856 1651 est,

294 1659 353 1717 N
358 1678 425 1717 ee
454 1661 715 1717 retinent
741 1662 986 1736 patulae
1016 1662 1340 1718 commissa
1371 1661 1626 1718 fideliter
1656 1678 1848 1731 aureS,
2092 1669 2163 1729 ’ῖο

293 1739 377 1797 Et
405 1739 591 1797 semel
619 1742 909 1797 emissum
941 1741 1108 1798 volat
1138 1742 1530 1798 irrevocabile
1562 1742 1828 1798 verbum.

16 1807 75 1844 ‘¹⁷‘
99 1796 276 1902 ‘7575
296 1820 550 1893 Qualem
581 1822 966 1877 commendes
994 1822 1183 1878 etiam
1215 1828 1397 1896 atque
1428 1822 1615 1879 etiam
1654 1822 1874 1896 aspice,
1907 1839 1982 1878 ne
2013 1838 2156 1879 mox

201 1927 207 1933 ·
295 1900 608 1957 Incutiant
639 1900 836 1957 aliena
865 1902 975 1958 tibi
1004 1908 1257 1976 peccata
1286 1902 1593 1976 pudorem.

294 1979 591 2037 Fallimur
617 1985 680 2037 et
709 1982 1015 2056 quondam
1049 2000 1167 2038 uon
1199 1982 1452 2055 dignum
1480 1981 1818 2038 tradimus:
1862 1998 2007 2057 ergo

296 2061 487 2133 Quem
519 2078 631 2118 sua
662 2061 838 2136 culpa
868 2067 1118 2136 premet,
1153 2062 1443 2135 deceptus
1473 2062 1685 2118 omitte
1715 2062 1891 2131 tueri,
2084 2059 2159 2120 75

295 2140 383 2198 Ut
412 2142 657 2216 penitus
688 2147 915 2210 notum,
950 2142 1002 2199 si
1031 2148 1334 2216 temptent
1364 2141 1633 2211 erimina,
1667 2159 1873 2199 serves

295 2220 653 2296 Tuterisque
683 2229 790 2278 tuo
824 2222 1104 2278 fidentem
1134 2222 1472 2297 praesidio:
1518 2222 1621 2297 qui

292 2299 488 2357 Dente
521 2301 834 2358 Theonino
866 2320 1001 2359 curn
1034 2302 1511 2373 circumroditur,
1543 2302 1757 2377 ecquid

293 2379 394 2437 Ad
423 2387 482 2437 te
511 2387 652 2456 post
679 2382 862 2457 paulo
894 2389 1152 2439 ventura
1179 2383 1446 2457 pericula
1476 2381 1711 2439 sentis?

291 2457 448 2517 Nam
478 2468 588 2518 tua
614 2480 711 2519 res
742 2463 961 2536 agitur,
988 2464 1190 2537 paries
1222 2480 1355 2519 cum
1385 2464 1694 2537 proximus
1724 2462 1913 2533 ardet,
2086 2462 2160 2519 80

295 2539 376 2596 Et
404 2541 682 2615 neglecta
711 2543 908 2599 solent
939 2543 1222 2600 incendia
1252 2560 1485 2600 sumere
1518 2545 1696 2600 vireS.

295 2619 503 2677 Dulcis
533 2622 863 2697 inexpertis
896 2623 1132 2703 cultura
1162 2625 1430 2697 potentis
1461 2624 1673 2680 amici:

295 2697 596 2775 Expertus
627 2704 856 2760 metuit.
948 2702 1058 2772 Tu,
1093 2704 1237 2761 dum
1269 2711 1378 2760 tua
1406 2705 1583 2760 navis
1612 2704 1676 2759 in
1706 2702 1830 2759 alto
1858 2708 1971 2773 est,

295 2777 430 2838 Hoc
460 2800 591 2856 age,
624 2800 697 2840 ne
729 2789 970 2840 mutata
1001 2790 1332 2840 retrorsum
1363 2790 1423 2840 te
1455 2783 1607 2840 ferat
1637 2799 1799 2839 aura.

296 2858 572 2919 Oderunt
602 2861 852 2919 hilarem
885 2864 1108 2932 tristeS,
1142 2865 1502 2938 tristemque
1536 2862 1747 2936 jocosi,
2085 2862 2158 2919 85

298 2939 586 3000 Sedatum
619 2944 858 3012 celeres,
894 2944 1114 3018 agilem
1144 2961 1491 3018 navumque
1521 2943 1794 3016 remissi3

295 3021 550 3079 Potores
582 3022 806 3099 [bibuli
837 3025 1044 3081 media
1074 3025 1146 3081 de
1180 3030 1355 3080 nocte
1389 3023 1633 3079 Falerni

294 3098 599 3179 Oderunt]
634 3111 909 3177 porrecta
936 3109 1262 3177 negantem
1291 3102 1522 3178 pocula,
1555 3102 1836 3178 quamvis

293 3178 351 3236 N
357 3188 640 3240 octurnos
672 3184 843 3258 jures
872 3190 933 3240 te
963 3183 1287 3241 formidare
1318 3190 1573 3263 tepores.

323 3348 379 3391 58
400 3348 561 3393 abates
584 3348 821 3394 Bentleiuc
945 3351 1001 3393 83
1023 3354 1206 3395 metuet
1329 3351 1386 3394 86
1408 3363 1717 3409 gnavumque
1840 3350 1896 3391 89
1921 3360 2125 3407 vapore·
