2367 3784
390 146 516 211 108
939 162 1228 210 noRA‘m
1279 161 1692 212 cAnvaM

705 318 953 389 DenteS,
998 327 1058 377 te
1101 322 1245 395 quia
1287 339 1473 394 rugae

786 399 1062 475 Turpant
1102 407 1164 457 et
1205 401 1425 475 capitis
1468 400 1660 458 nives,

627 476 757 536 Nec
789 478 951 537 Coae
981 480 1247 537 referunt
1278 482 1405 554 jam
1434 479 1546 537 tibi
1572 495 1876 556 purpurae

626 557 756 617 Nec
785 559 931 617 clari
960 560 1194 636 lapides
1222 566 1517 636 tempora,
1548 577 1701 636 quae
1732 557 1919 617 semel

709 638 893 698 Notis
935 640 1180 697 condita
1220 640 1400 697 fastis
2125 652 2178 711 15

795 719 1053 777 Inclusit
1095 720 1361 778 volucris
1405 721 1549 778 dies,

632 798 767 871 Quo
795 799 957 874 fugit
987 817 1195 871 venus,
1228 799 1365 870 heu,
1397 818 1594 875 quove
1623 797 1831 858 color?
1873 798 2085 858 decens

635 878 773 951 Quo
802 878 1049 937 motus?
1093 881 1243 956 quid.
1272 880 1463 938 habes
1491 880 1672 951 illius,
1705 879 1890 950 illius,

715 958 884 1032 Quae
927 959 1201 1036 spirabat
1243 977 1499 1034 amores,

796 1040 967 1113 Quae
1009 1058 1105 1098 me
1149 1046 1472 1116 surpuerat
1511 1040 1681 1112 mihi,
2131 1052 2188 1107 20

639 1118 814 1177 Felix
839 1124 980 1195 post
1014 1120 1321 1192 Cinaram,
1354 1128 1620 1197 notaque
1649 1127 1712 1178 et
1742 1121 1965 1178 artium

637 1197 960 1258 Gratarum
994 1199 1227 1259 facies?
1315 1201 1438 1260 Sed
1473 1201 1731 1261 Cinarae
1761 1201 1980 1257 breves

716 1280 935 1338 Annos
978 1281 1107 1339 fata
1148 1282 1461 1351 dederunt,

801 1358 1133 1419 Servatura
1174 1362 1281 1419 diu
1321 1379 1530 1437 parem

640 1438 918 1498 Cornicis
949 1442 1191 1499 vetulae
1219 1440 1594 1518 temporibus
1624 1439 1855 1516 Lycen,
2141 1448 2201 1506 25

645 1518 909 1579 Possent
937 1528 1005 1580 ut
1036 1524 1295 1597 juvenes
1323 1523 1517 1580 visere
1545 1520 1776 1591 fervidi,

720 1599 921 1659 Multo
963 1619 1083 1660 non
1129 1603 1260 1660 sine
1301 1603 1444 1671 risu,

804 1680 1122 1759 Dilapsam
1165 1683 1229 1740 in
1271 1683 1503 1740 cineres
1546 1681 1754 1739 facem.

1243 1876 1425 1937 XIV.
1940 1766 2160 1935 s&
2323 1808 2327 1927 l

647 2003 818 2077 Quae
847 2019 993 2059 cura
1019 2007 1266 2078 patrum
1297 2018 1530 2077 quaeve
1561 1999 1894 2073 Quiritium

647 2083 856 2141 Plenis
886 2082 1184 2140 honorum
1213 2082 1567 2139 muneribus
1595 2089 1754 2149 tuae,

725 2163 1029 2236 Auguste,
1061 2162 1323 2220 virtutes
1351 2161 1414 2219 in
1445 2178 1661 2218 aevum

806 2242 924 2299 Per
951 2241 1167 2300 titulos
1197 2259 1612 2316 memoresque
1643 2241 1840 2298 fastus

645 2323 954 2392 Aeternet,
986 2339 1038 2392 ο,
1070 2339 1194 2398 qua
1223 2322 1314 2379 sol
1344 2320 1707 2379 habitabiles
2200 2315 2229 2370 5

646 2402 927 2460 Illustrat
956 2418 1110 2473 oraS,
1142 2403 1407 2460 maxime
1436 2401 1777 2477 principum
1802 2397 1828 2458 ἲ

729 2483 926 2557 Quem
955 2482 1111 2556 legis
1140 2488 1420 2557 expertes
1449 2481 1711 2540 Latinae

808 2562 1114 2620 Vindelici
1145 2563 1409 2620 didicere
1439 2578 1644 2636 nuper,

650 2642 815 2717 Quid
845 2642 1044 2699 Marte
1072 2660 1301 2717 posses.
1390 2641 1590 2699 Milite
1620 2658 1761 2698 nam
1789 2645 1897 2698 tuo

650 2723 891 2780 Drusus
923 2721 1267 2794 Genaunes,
1297 2722 1690 2798 implacidum
1721 2737 1935 2796 genus,
2181 2717 2244 2772 10

729 2802 1123 2879 Breunosque
1154 2804 1413 2873 veloceS,
1445 2810 1507 2860 et
1536 2818 1705 2860 arces
2236 2804 2245 2815 '

812 2882 1075 2959 Alpibus
1103 2883 1429 2958 impositas
1460 2880 1809 2952 tremendiS‚

654 2961 891 3035 Dejecit
920 2980 1056 3020 acer
1083 2964 1222 3039 plus
1251 2963 1382 3021 vice
1413 2962 1706 3039 simplici3

652 3041 849 3116 Major
878 3042 1191 3100 Neronum
1220 3061 1365 3100 mox
1393 3061 1580 3118 grave
1610 3040 1910 3118 proelium

731 3121 1073 3189 Commisit,
1106 3123 1520 3198 immanesque
1551 3123 1787 3180 Raetos
2188 3116 2256 3172 15

812 3201 1127 3276 Auspiciis
1154 3202 1390 3277 pepulit
1420 3202 1721 3273 secundis,

477 3341 537 3385 14
555 3339 656 3384 cari
718 3328 775 3384 1'7
798 3340 929 3383 color
950 3339 1154 3384 decens?
1219 3340 1277 3383 26
1297 3341 1487 3400 possint
1552 3342 1608 3385 28
1632 3342 1878 3400 delapsam
1942 3340 1998 3383 28
2019 3338 2239 3384 cinerem

716 3400 748 3441 4
768 3398 920 3442 fastos
971 3410 975 3415 ·
1044 3401 1070 3442 5
1092 3400 1178 3443 lux
1303 3401 1358 3443 11
1384 3399 1601 3445 Brennos
1724 3401 1780 3443 16
1804 3400 1983 3460 repulit
