2367 3784
1060 143 1207 190 ms.
1259 145 1339 191 11.
1391 134 1423 190 1
2024 133 2150 195 225

282 301 490 359 Poscit
519 318 697 375 opem
727 300 944 358 chorus
973 309 1035 359 et
1064 301 1407 375 praesentia
1441 303 1694 359 numina
1722 304 1926 373 sentit,

283 381 592 439 Caelestes
622 381 907 455 implorat
936 399 1128 457 aquas
1157 382 1337 438 docta
1363 398 1536 458 prece
1567 382 1848 452 blandus
2039 387 2147 443 135

284 459 530 519 Avertit
561 461 817 531 morbOS,
850 462 1177 535 metuenda
1206 462 1476 537 pericula
1505 463 1694 537 pellit,

284 541 578 615 Impetrat
607 546 670 596 et
698 559 908 614 pacem
934 548 996 599 et
1025 542 1384 618 locupletem
1417 543 1694 617 frugibus
1728 561 1970 602 annum.

286 621 564 680 Carmine
595 620 655 677 di
688 621 889 696 superi
918 622 1258 697 placantur,
1294 623 1556 680 carmine
1589 623 1823 682 Manes,

361 780 685 856 Agricolae
716 781 917 856 prisci,
951 782 1153 850 fortes»,
1186 800 1494 858 parvoque
1525 784 1704 855 beati,

285 862 548 921 Condita
575 867 715 938 post
744 862 1048 919 frumenta
1077 864 1355 920 levantes
1386 870 1655 940 tempore
1687 866 1842 923 festo
2040 868 2148 923 140

285 943 518 1019 Corpus
547 949 608 999 et
636 943 834 1016 ipsum
870 944 1137 1000 animum
1171 962 1278 1018 spe
1312 943 1448 1000 finis
1478 945 1629 1001 dura
1659 947 1967 1016 ferentem,

283 1022 436 1081 Cum
467 1023 648 1081 sociis
677 1041 946 1097 operum,
978 1024 1183 1099 pueris
1216 1030 1279 1081 et
1309 1025 1561 1098 conjuge
1595 1025 1727 1094 fida,

282 1103 583 1161 Tellurem
611 1120 811 1177 poreO,
849 1103 1166 1161 Silvanum
1202 1104 1358 1161 lacte
1389 1105 1656 1177 piabant,

281 1184 562 1241 Floribus
592 1190 654 1240 et
683 1183 827 1240 vino
860 1184 1120 1242 Genium
1151 1202 1482 1241 memorem
1514 1184 1714 1241 brevis
1745 1185 1897 1242 aevi.

282 1264 658 1321 Fescennina
686 1280 795 1338 per
824 1263 982 1320 hunc
1011 1264 1263 1321 inventa
1291 1264 1538 1321 licentia
1565 1282 1791 1321 morem
2041 1266 2149 1321 145

290 1341 584 1401 Versibus
615 1344 861 1400 alternis
895 1345 1224 1419 opprobria
1253 1345 1480 1401 rustica
1512 1345 1684 1414 fudit,

281 1424 684 1499 Libertasque
714 1430 1094 1482 recurrentes
1128 1432 1378 1499 accepta
1405 1443 1512 1500 per
1543 1442 1735 1482 annos

281 1506 463 1563 Lusit
492 1504 851 1574 amabiliter,
885 1506 1074 1562 donec
1096 1506 1224 1578 jam
1258 1523 1479 1562 saevus
1509 1511 1778 1580 apertam

281 1586 356 1644 In
386 1586 613 1643 rabiem
646 1585 844 1660 coepit
877 1585 1030 1643 verti
1054 1587 1231 1658 jocus
1262 1591 1324 1643 et
1351 1604 1459 1661 per
1490 1585 1777 1643 honestas

282 1666 378 1723 Ire
409 1666 619 1723 domos
650 1666 894 1741 impune
929 1666 1151 1723 minax.
1245 1665 1508 1723 Doluere
1539 1674 1787 1722 cruento
2039 1664 2150 1719 150

285 1745 481 1803 Dente
512 1746 814 1818 lacessiti;
859 1746 975 1802 fuit
1005 1746 1254 1803 intactis
1286 1764 1524 1821 quoquc
1557 1763 1701 1802 cura

284 1825 649 1883 Condicione
680 1844 862 1900 super
889 1827 1234 1897 communi3
1279 1827 1422 1901 quin
1456 1826 1642 1882 etiam
1673 1825 1770 1881 lex

286 1905 609 1981 Poenaque
642 1905 781 1973 lata,
815 1907 975 1963 malo
1007 1925 1162 1981 quae
1196 1906 1386 1963 nollet
1415 1906 1677 1962 carmine
1710 1922 2075 1979 quemquam

283 1985 596 2059 Describi;
642 1992 872 2043 vertere
905 1986 1170 2056 modum,
1205 1986 1522 2042 formidine
1553 1985 1731 2041 fustis

284 2065 388 2124 Ad
418 2067 567 2123 bene
598 2067 916 2123 dicendum
951 2066 1495 2141 delectandumque
1528 2065 1771 2122 redacti.
2043 2063 2150 2119 155

367 2224 617 2284 Graecia
646 2232 824 2302 capta
852 2227 1042 2283 ferum
1079 2228 1367 2283 victorem
1403 2227 1579 2301 cepit,
1612 2232 1674 2282 et
1704 2232 1865 2282 artes

285 2305 503 2364 Intulit
533 2308 759 2381 agresti
791 2306 1008 2378 Lati03
1055 2306 1139 2363 sic
1171 2307 1454 2363 horridus
1484 2306 1583 2363 ille

289 2384 557 2443 Defluxit
585 2404 868 2443 numerus
901 2385 1237 2454 Satur-nina,
1273 2394 1332 2444 et
1362 2405 1549 2462 grave
1581 2387 1749 2443 virus

286 2464 629 2524 Munditiae
659 2467 978 2541 pepulere,
1022 2467 1128 2523 sed
1160 2468 1223 2525 in
1254 2468 1504 2542 longum
1536 2475 1736 2523 tamen
1769 2483 1987 2523 aevum

287 2545 648 2604 Manserunt
678 2546 970 2622 hodieque
1003 2553 1251 2604 manent
1283 2549 1545 2622 vestigia
1576 2548 1742 2603 ruris,
2043 2547 2151 2602 160

289 2625 470 2683 Serus
499 2627 660 2683 enim
694 2627 943 2685 Graecis
975 2628 1247 2684 admovit
1276 2627 1556 2684 acumina
1589 2625 1833 2695 chartiS,

288 2705 370 2762 Et
398 2712 538 2781 post
569 2707 801 2764 Punica
831 2708 990 2765 bella
1018 2709 1261 2783 quietus
1293 2725 1576 2783 quaerere
1607 2706 1805 2781 coepit

290 2786 449 2858 Quid
482 2786 810 2861 Sophocles
840 2793 903 2845 et
934 2787 1194 2863 Thespis
1225 2793 1285 2844 et
1315 2786 1662 2862 Aeschylus
1693 2785 1841 2842 utile
1872 2784 2107 2841 ferrent.

288 2865 638 2942 Temptavit
667 2885 903 2943 quoque
934 2885 1075 2936 rem,
1110 2868 1158 2923 si
1192 2868 1374 2941 digne
1405 2877 1637 2924 vertere
1666 2869 1890 2942 posset,

288 2945 371 3003 Et
400 2947 628 3021 placuit
656 2947 784 3015 sibi,
818 2953 1036 3004 natura
1068 2947 1351 3003 sublimis
1380 2952 1442 3002 et
1473 2963 1642 3019 acer3
2041 2942 2149 2996 165

287 3025 446 3082 Nam
478 3027 669 3101 spirat
696 3027 992 3100 tragicum
1024 3027 1177 3082 satis
1209 3031 1271 3082 et
1300 3026 1553 3083 feliciter
1583 3025 1782 3096 audet,

288 3104 408 3162 Sed
438 3111 675 3181 turpem
704 3110 886 3181 putat
913 3105 1129 3162 inscite
1160 3106 1494 3180 metuitque
1523 3106 1783 3163 lituram.

287 3183 585 3257 Creditur,
613 3203 692 3243 ex
719 3185 917 3243 medio
947 3186 1091 3259 quia
1120 3202 1215 3241 res
1246 3186 1515 3254 arcessit,
1550 3186 1769 3243 habere

614 3291 702 3363 142
723 3321 773 3363 et
791 3303 955 3378 pueris
1080 3318 1164 3360 143
1189 3330 1335 3378 porca
1459 3319 1542 3362 167
1567 3319 1616 3360 in
1641 3316 1833 3375 scriptis

492 3403 619 3452 Hor.
652 3406 713 3452 15
