2367 3784
863 171 1011 218 ms.
1059 171 1172 219 111.
1220 156 1435 218 22-24
2005 159 2087 220 85

540 331 715 400 Nam,
747 348 902 406 quae
933 330 1121 387 nivali
1150 330 1421 406 pascitur
1451 330 1682 406 Algido

544 410 781 468 Devota
811 427 1069 486 quercus
1098 411 1259 467 inter
1287 416 1350 467 et
1379 411 1564 481 iliceS,
2017 417 2092 475 10

623 493 752 549 Aut
781 491 997 547 crescit
1029 490 1292 547 Albanis
1321 491 1383 547 in
1413 490 1630 564 herbiS,

701 571 981 640 Victima,
1014 570 1365 645 pontificum
1395 589 1633 631 secures

544 651 789 709 Cer-vice
818 653 1094 726 tinguet:
1140 650 1390 726 te-nihil
1423 654 1642 711 attinet

547 730 869 805 Temptare
899 731 1095 788 multa
1126 733 1309 789 caede
1340 732 1673 792 bidentium

620 811 854 868 Parvos
867 820 1283 893 QEZOEG.Q
1303 815 1538 872 marino
2021 818 2093 874 15

697 891 858 948 Rore
889 893 1035 949 deos
1069 893 1393 970 fragilique
1424 901 1643 970 myrto,

541 968 838 1028 Immunis
868 991 1035 1029 aram
1070 974 1122 1030 si
1155 976 1366 1050 tetigit
1392 992 1625 1047 manus,

540 1048 683 1106 Non
713 1050 1074 1125 sumptuosa
1108 1053 1391 1112 blandior
1420 1055 1624 1113 hostia

623 1129 893 1189 Mollivit
922 1151 1172 1190 aversos
1206 1135 1471 1191 Penates

700 1210 886 1269 Farre
916 1214 1015 1286 pio
1045 1219 1108 1270 et
1137 1215 1392 1272 saliente
1421 1215 1594 1277 mica.
2019 1216 2095 1272 20

1032 1436 1276 1497 XXIV.
1606 1414 1735 1557 2³1ss

372 1553 637 1612 Intactis
667 1554 1009 1630 opulentior

458 1633 791 1691 Thesauris
823 1636 1102 1693 Arabum
1136 1644 1200 1696 et
1229 1640 1440 1698 divitis
1469 1641 1682 1700 Indiae

374 1712 729 1771 anmentis
761 1715 903 1773 licet
934 1734 1190 1794 occupes

457 1793 841 1869 Tyrrhenum
877 1813 1052 1855 omne
1082 1799 1208 1856 tuis
1237 1808 1299 1857 et
1326 1820 1490 1860 mare
1520 1803 1863 1880 Apulieum‚

374 1873 443 1931 Si
471 1874 604 1949 figit
634 1876 1066 1936 adamantinos
2057 1884 2090 1936 5

462 1953 730 2012 Summis
763 1956 1095 2015 verticibus
1126 1959 1261 2017 dira
1288 1960 1642 2020 Necessitas

375 2033 621 2105 clavos,
654 2053 775 2093 non
809 2037 1083 2095 animum
1114 2046 1298 2111 metu,

458 2113 601 2171 Non
629 2116 844 2174 mortis
877 2117 1113 2194 laqueis
1144 2122 1429 2197 expedies
1458 2132 1654 2198 caput.

378 2192 767 2270 Campestres
798 2198 1020 2255 melius
1055 2199 1341 2276 Scythae,

459 2274 728 2347 Quorum
753 2277 1032 2352 plaustra
1059 2299 1252 2356 vagas
1276 2282 1388 2339 rite
1412 2283 1662 2343 trahunt
1684 2286 1914 2358 domos,
2024 2286 2094 2339 lO
2169 2341 2174 2345 .

374 2351 633 2426 Vivunt,
666 2362 727 2413 et
759 2359 939 2432 rigidi
976 2360 1186 2431 Getae,

458 2433 784 2495 Immetata
815 2440 1044 2514 quibus
1065 2443 1287 2517 jugera
1316 2443 1535 2501 liberas

378 2512 616 2590 Fruges
646 2525 709 2574 et
741 2518 1027 2578 Cererem
1058 2523 1274 2593 ferunt,

457 2594 586 2653 Nec
615 2596 868 2656 cultura'
887 2602 1087 2677 placet
1118 2603 1358 2678 longior
1388 2622 1605 2677 annua,

374 2673 871 2754 Defunctumque
908 2681 1216 2741 laboribus
2027 2685 2096 2740 15

457 2755 722 2832 Aequali
758 2770 992 2820 recreat
1023 2769 1181 2821 sorte
1215 2765 1494 2823 vicarius.

374 2833 511 2893 Illic
540 2844 733 2896 matre
767 2843 1112 2901 carentibus

455 2914 769 2993 Privignis
805 2923 1022 2980 mulier
1053 2930 1357 3001 temperat
1384 2927 1692 2998 innocens,

371 2993 435 3051 N
437 3013 505 3053 ec
533 2997 748 3058 dotata
779 3004 939 3076 regit
971 3005 1172 3061 virum

456 3075 753 3152 conjunx,
789 3100 897 3140 nec
929 3085 1124 3143 nitido
1155 3086 1289 3144 fidit
1319 3089 1610 3147 adulterO.
2025 3084 2100 3139 20

426 3240 483 3283 12
505 3217 744 3288 securim'
836 3249 889 3292 13
912 3249 1072 3307 tinget
1196 3252 1255 3296 14
1276 3256 1463 3298 tentare
1587 3256 1643 3298 19
1665 3255 1875 3298 mollibit

233 3298 269 3341 4
293 3297 567 3357 Tirrenum,
584 3307 827 3351 terrenum
851 3324 875 3352 e
892 3311 1156 3355 coniectura
1187 3312 1219 3355 4
1234 3313 1496 3372 publicum,
1512 3314 1762 3367 Punicum,
1779 3313 2033 3356 Ponticum

492 3361 547 3404 10
572 3363 737 3415 domos
760 3368 852 3410 rite
875 3369 1076 3421 trahunt
1097 3385 1248 3427 vag-as
1518 3375 1573 3428 20
1596 3373 1770 3417 coniux
