<?xml version="1.0" encoding="UTF-8"?>
<!DOCTYPE html PUBLIC "-//W3C//DTD XHTML 1.0 Transitional//EN"
    "http://www.w3.org/TR/xhtml1/DTD/xhtml1-transitional.dtd">
<html xmlns="http://www.w3.org/1999/xhtml" xml:lang="en" lang="en">
 <head>
  <title>
</title>
<meta http-equiv="Content-Type" content="text/html;charset=utf-8" />
  <meta name='ocr-system' content='tesseract 3.04.00' />
  <meta name='ocr-capabilities' content='ocr_page ocr_carea ocr_par ocr_line ocrx_word'/>
</head>
<body>
  <div class='ocr_page' id='page_1' title='image "./workshorace02chasgoog_0232.png"; bbox 0 0 2367 3784; ppageno 0'>
   <div class='ocr_carea' id='block_1_1' title="bbox 205 119 1589 181">
    <p class='ocr_par' dir='ltr' id='par_1_1' title="bbox 205 119 1589 181">
     <span class='ocr_line' id='line_1_1' title="bbox 205 119 1589 181; baseline -0.001 -1"><span class='ocrx_word' id='word_1_1' title='bbox 205 119 334 181; x_wconf 85' lang='lat'>226</span> <span class='ocrx_word' id='word_1_2' title='bbox 709 129 997 177; x_wconf 81' lang='lat' dir='ltr'>HORA&#39;PI</span> <span class='ocrx_word' id='word_1_3' title='bbox 1049 130 1589 180; x_wconf 77' lang='lat' dir='ltr'><strong>EPISTVLARVM</strong></span> 
     </span>
    </p>
   </div>
   <div class='ocr_carea' id='block_1_2' title="bbox 203 289 2079 3332">
    <p class='ocr_par' dir='ltr' id='par_1_2' title="bbox 206 289 1726 360">
     <span class='ocr_line' id='line_1_2' title="bbox 206 289 1726 360; baseline 0.001 -13"><span class='ocrx_word' id='word_1_4' title='bbox 206 289 456 347; x_wconf 83' lang='lat' dir='ltr'>Sudoris</span> <span class='ocrx_word' id='word_1_5' title='bbox 489 290 822 360; x_wconf 89' lang='lat' dir='ltr'>minimum,</span> <span class='ocrx_word' id='word_1_6' title='bbox 858 290 960 347; x_wconf 89' lang='lat' dir='ltr'>sed</span> <span class='ocrx_word' id='word_1_7' title='bbox 997 289 1181 346; x_wconf 86' lang='lat' dir='ltr'>habet</span> <span class='ocrx_word' id='word_1_8' title='bbox 1211 290 1526 347; x_wconf 87' lang='lat' dir='ltr'>comoedia</span> <span class='ocrx_word' id='word_1_9' title='bbox 1551 295 1726 348; x_wconf 87' lang='lat' dir='ltr'>tanto</span> 
     </span>
    </p>

    <p class='ocr_par' dir='ltr' id='par_1_3' title="bbox 205 370 2076 526">
     <span class='ocr_line' id='line_1_3' title="bbox 205 370 2076 445; baseline 0.002 -19"><span class='ocrx_word' id='word_1_10' title='bbox 205 370 354 427; x_wconf 89' lang='lat' dir='ltr'>Plus</span> <span class='ocrx_word' id='word_1_11' title='bbox 380 371 578 427; x_wconf 89' lang='lat' dir='ltr'>oneris</span> <span class='ocrx_word' id='word_1_12' title='bbox 602 377 828 445; x_wconf 87' lang='lat' dir='ltr'>quanto</span> <span class='ocrx_word' id='word_1_13' title='bbox 852 371 1063 426; x_wconf 84' lang='lat' dir='ltr'>veniae</span> <span class='ocrx_word' id='word_1_14' title='bbox 1093 370 1311 427; x_wconf 81' lang='lat' dir='ltr'>minus,</span> <span class='ocrx_word' id='word_1_15' title='bbox 1400 372 1642 445; x_wconf 80' lang='lat' dir='ltr'><strong>Aspice,</strong></span> <span class='ocrx_word' id='word_1_16' title='bbox 1668 370 1929 429; x_wconf 86' lang='lat' dir='ltr'>Plautus</span> <span class='ocrx_word' id='word_1_17' title='bbox 1962 372 2076 434; x_wconf 71' lang='lat'>170</span> 
     </span>
     <span class='ocr_line' id='line_1_4' title="bbox 207 451 1610 526; baseline 0.001 -20"><span class='ocrx_word' id='word_1_18' title='bbox 207 453 338 523; x_wconf 89' lang='lat' dir='ltr'>Quo</span> <span class='ocrx_word' id='word_1_19' title='bbox 370 456 545 526; x_wconf 90' lang='lat' dir='ltr'>pacto</span> <span class='ocrx_word' id='word_1_20' title='bbox 577 457 784 524; x_wconf 86' lang='lat' dir='ltr'>partes</span> <span class='ocrx_word' id='word_1_21' title='bbox 814 456 1048 506; x_wconf 87' lang='lat' dir='ltr'>tutetur</span> <span class='ocrx_word' id='word_1_22' title='bbox 1078 451 1343 506; x_wconf 89' lang='lat' dir='ltr'>amantis</span> <span class='ocrx_word' id='word_1_23' title='bbox 1372 451 1610 526; x_wconf 82' lang='lat' dir='ltr'>ephebi,</span> 
     </span>
    </p>

    <p class='ocr_par' dir='ltr' id='par_1_4' title="bbox 204 529 1491 605">
     <span class='ocr_line' id='line_1_5' title="bbox 204 529 1491 605; baseline -0.001 -18"><span class='ocrx_word' id='word_1_24' title='bbox 204 529 293 587; x_wconf 89' lang='lat' dir='ltr'>Ut</span> <span class='ocrx_word' id='word_1_25' title='bbox 322 531 512 605; x_wconf 87' lang='lat' dir='ltr'>patris</span> <span class='ocrx_word' id='word_1_26' title='bbox 545 531 781 598; x_wconf 75' lang='lat' dir='ltr'>attenti,</span> <span class='ocrx_word' id='word_1_27' title='bbox 816 529 1052 586; x_wconf 88' lang='lat' dir='ltr'>lenonis</span> <span class='ocrx_word' id='word_1_28' title='bbox 1082 538 1150 587; x_wconf 94' lang='lat' dir='ltr'>ut</span> <span class='ocrx_word' id='word_1_29' title='bbox 1178 531 1491 605; x_wconf 90' lang='lat' dir='ltr'>insidiosi;</span> 
     </span>
    </p>

    <p class='ocr_par' dir='ltr' id='par_1_5' title="bbox 205 610 1740 687">
     <span class='ocr_line' id='line_1_6' title="bbox 205 610 1740 687; baseline 0.001 -21"><span class='ocrx_word' id='word_1_30' title='bbox 205 611 487 683; x_wconf 89' lang='lat' dir='ltr'>Quantus</span> <span class='ocrx_word' id='word_1_31' title='bbox 519 611 598 667; x_wconf 86' lang='lat' dir='ltr'>sit</span> <span class='ocrx_word' id='word_1_32' title='bbox 631 611 990 668; x_wconf 81' lang='lat' dir='ltr'>Dossennus</span> <span class='ocrx_word' id='word_1_33' title='bbox 1020 610 1310 666; x_wconf 82' lang='lat' dir='ltr'>edacibus</span> <span class='ocrx_word' id='word_1_34' title='bbox 1338 611 1403 667; x_wconf 89' lang='lat' dir='ltr'>in</span> <span class='ocrx_word' id='word_1_35' title='bbox 1431 612 1740 687; x_wconf 78' lang='lat' dir='ltr'>parasitiS,</span> 
     </span>
    </p>

    <p class='ocr_par' dir='ltr' id='par_1_6' title="bbox 206 691 1723 766">
     <span class='ocr_line' id='line_1_7' title="bbox 206 691 1723 766; baseline 0.001 -19"><span class='ocrx_word' id='word_1_36' title='bbox 206 693 405 764; x_wconf 89' lang='lat' dir='ltr'>Quam</span> <span class='ocrx_word' id='word_1_37' title='bbox 434 709 556 748; x_wconf 90' lang='lat' dir='ltr'>non</span> <span class='ocrx_word' id='word_1_38' title='bbox 587 691 878 748; x_wconf 86' lang='lat' dir='ltr'>adstricto</span> <span class='ocrx_word' id='word_1_39' title='bbox 909 696 1220 766; x_wconf 77' lang='lat' dir='ltr'>percurrat</span> <span class='ocrx_word' id='word_1_40' title='bbox 1248 692 1484 766; x_wconf 89' lang='lat' dir='ltr'>pulpita</span> <span class='ocrx_word' id='word_1_41' title='bbox 1514 710 1723 765; x_wconf 90' lang='lat' dir='ltr'>socco;</span> 
     </span>
    </p>

    <p class='ocr_par' dir='ltr' id='par_1_7' title="bbox 206 770 2074 910">
     <span class='ocr_line' id='line_1_8' title="bbox 207 770 2074 848; baseline 0.001 -20"><span class='ocrx_word' id='word_1_42' title='bbox 207 771 407 829; x_wconf 86' lang='lat' dir='ltr'>Gestit</span> <span class='ocrx_word' id='word_1_43' title='bbox 428 772 592 828; x_wconf 82' lang='lat' dir='ltr'>enlm</span> <span class='ocrx_word' id='word_1_44' title='bbox 617 788 933 828; x_wconf 90' lang='lat' dir='ltr'>nummum</span> <span class='ocrx_word' id='word_1_45' title='bbox 959 770 1021 826; x_wconf 89' lang='lat' dir='ltr'>in</span> <span class='ocrx_word' id='word_1_46' title='bbox 1045 770 1275 828; x_wconf 81' lang='lat' dir='ltr'>loculos</span> <span class='ocrx_word' id='word_1_47' title='bbox 1300 772 1631 842; x_wconf 85' lang='lat' dir='ltr'>demittere,</span> <span class='ocrx_word' id='word_1_48' title='bbox 1652 778 1795 848; x_wconf 91' lang='lat' dir='ltr'>post</span> <span class='ocrx_word' id='word_1_49' title='bbox 1816 772 1934 829; x_wconf 65' lang='lat' dir='ltr'>hoc&#39;</span> <span class='ocrx_word' id='word_1_50' title='bbox 1964 773 2074 833; x_wconf 76' lang='lat'>175</span> 
     </span>
     <span class='ocr_line' id='line_1_9' title="bbox 206 851 1537 910; baseline 0.002 -2"><span class='ocrx_word' id='word_1_51' title='bbox 206 851 464 909; x_wconf 81' lang='lat' dir='ltr'>Securus</span> <span class='ocrx_word' id='word_1_52' title='bbox 495 852 675 908; x_wconf 87' lang='lat' dir='ltr'>cadat</span> <span class='ocrx_word' id='word_1_53' title='bbox 706 869 782 907; x_wconf 91' lang='lat' dir='ltr'>an</span> <span class='ocrx_word' id='word_1_54' title='bbox 813 857 976 908; x_wconf 84' lang='lat' dir='ltr'>recto</span> <span class='ocrx_word' id='word_1_55' title='bbox 1009 856 1131 907; x_wconf 89' lang='lat' dir='ltr'>stet</span> <span class='ocrx_word' id='word_1_56' title='bbox 1160 851 1368 908; x_wconf 89' lang='lat' dir='ltr'>fabula</span> <span class='ocrx_word' id='word_1_57' title='bbox 1396 852 1537 910; x_wconf 87' lang='lat' dir='ltr'>talo.</span> 
     </span>
    </p>

    <p class='ocr_par' dir='ltr' id='par_1_8' title="bbox 204 932 1744 1085">
     <span class='ocr_line' id='line_1_10' title="bbox 205 932 1744 1004; baseline 0.001 -17"><span class='ocrx_word' id='word_1_58' title='bbox 205 932 398 1004; x_wconf 89' lang='lat' dir='ltr'>Quem</span> <span class='ocrx_word' id='word_1_59' title='bbox 427 933 569 988; x_wconf 88' lang='lat' dir='ltr'>tulit</span> <span class='ocrx_word' id='word_1_60' title='bbox 599 932 676 988; x_wconf 90' lang='lat' dir='ltr'>ad</span> <span class='ocrx_word' id='word_1_61' title='bbox 710 949 993 988; x_wconf 83' lang='lat' dir='ltr'>scaenam</span> <span class='ocrx_word' id='word_1_62' title='bbox 1026 938 1281 988; x_wconf 89' lang='lat' dir='ltr'>ventoso</span> <span class='ocrx_word' id='word_1_63' title='bbox 1314 932 1521 990; x_wconf 86' lang='lat' dir='ltr'>Gloria</span> <span class='ocrx_word' id='word_1_64' title='bbox 1548 949 1744 1002; x_wconf 86' lang='lat' dir='ltr'>curru,</span> 
     </span>
     <span class='ocr_line' id='line_1_11' title="bbox 204 1010 1638 1085; baseline 0.001 -18"><span class='ocrx_word' id='word_1_65' title='bbox 204 1010 533 1067; x_wconf 85' lang='lat' dir='ltr'>Exanimat</span> <span class='ocrx_word' id='word_1_66' title='bbox 562 1012 764 1068; x_wconf 90' lang='lat' dir='ltr'>lentus</span> <span class='ocrx_word' id='word_1_67' title='bbox 796 1017 1121 1085; x_wconf 88' lang='lat' dir='ltr'>spectator,</span> <span class='ocrx_word' id='word_1_68' title='bbox 1156 1012 1403 1068; x_wconf 90' lang='lat' dir='ltr'>sedulus</span> <span class='ocrx_word' id='word_1_69' title='bbox 1434 1012 1638 1071; x_wconf 85' lang='lat' dir='ltr'>inflat:</span> 
     </span>
    </p>

    <p class='ocr_par' dir='ltr' id='par_1_9' title="bbox 205 1090 2074 1328">
     <span class='ocr_line' id='line_1_12' title="bbox 208 1090 2034 1167; baseline 0 -18"><span class='ocrx_word' id='word_1_70' title='bbox 208 1090 307 1149; x_wconf 83' lang='lat' dir='ltr'>Sic</span> <span class='ocrx_word' id='word_1_71' title='bbox 338 1092 484 1161; x_wconf 90' lang='lat' dir='ltr'>leve,</span> <span class='ocrx_word' id='word_1_72' title='bbox 517 1092 602 1149; x_wconf 89' lang='lat' dir='ltr'>sic</span> <span class='ocrx_word' id='word_1_73' title='bbox 630 1109 887 1167; x_wconf 84' lang='lat' dir='ltr'>parvum</span> <span class='ocrx_word' id='word_1_74' title='bbox 917 1097 1029 1160; x_wconf 90' lang='lat' dir='ltr'>est,</span> <span class='ocrx_word' id='word_1_75' title='bbox 1063 1092 1332 1147; x_wconf 88' lang='lat' dir='ltr'>animum</span> <span class='ocrx_word' id='word_1_76' title='bbox 1364 1093 1526 1167; x_wconf 90' lang='lat' dir='ltr'>quod</span> <span class='ocrx_word' id='word_1_77' title='bbox 1556 1094 1754 1150; x_wconf 86' lang='lat' dir='ltr'>laudis</span> <span class='ocrx_word' id='word_1_78' title='bbox 1784 1110 2034 1150; x_wconf 84' lang='lat' dir='ltr'>avarum</span> 
     </span>
     <span class='ocr_line' id='line_1_13' title="bbox 205 1166 2074 1243; baseline 0.001 -15"><span class='ocrx_word' id='word_1_79' title='bbox 205 1166 455 1228; x_wconf 85' lang='lat' dir='ltr'>Subruit</span> <span class='ocrx_word' id='word_1_80' title='bbox 486 1178 591 1229; x_wconf 87' lang='lat' dir='ltr'>aut</span> <span class='ocrx_word' id='word_1_81' title='bbox 621 1172 821 1228; x_wconf 86' lang='lat' dir='ltr'>reficit.</span> <span class='ocrx_word' id='word_1_82' title='bbox 912 1171 971 1228; x_wconf 88' lang='lat' dir='ltr'><strong>V</strong></span> <span class='ocrx_word' id='word_1_83' title='bbox 978 1170 1142 1227; x_wconf 90' lang='lat' dir='ltr'>aleat</span> <span class='ocrx_word' id='word_1_84' title='bbox 1168 1189 1267 1228; x_wconf 90' lang='lat' dir='ltr'>res</span> <span class='ocrx_word' id='word_1_85' title='bbox 1298 1172 1543 1243; x_wconf 88' lang='lat' dir='ltr'>ludicra,</span> <span class='ocrx_word' id='word_1_86' title='bbox 1578 1174 1630 1230; x_wconf 90' lang='lat' dir='ltr'>si</span> <span class='ocrx_word' id='word_1_87' title='bbox 1661 1192 1756 1229; x_wconf 89' lang='lat' dir='ltr'>me</span> <span class='ocrx_word' id='word_1_88' title='bbox 1963 1176 2074 1230; x_wconf 90' lang='lat'>180</span> 
     </span>
     <span class='ocr_line' id='line_1_14' title="bbox 206 1251 1831 1328; baseline 0.001 -21"><span class='ocrx_word' id='word_1_89' title='bbox 206 1251 420 1308; x_wconf 89' lang='lat' dir='ltr'>Palma</span> <span class='ocrx_word' id='word_1_90' title='bbox 450 1259 674 1326; x_wconf 88' lang='lat' dir='ltr'>negata</span> <span class='ocrx_word' id='word_1_91' title='bbox 705 1270 993 1322; x_wconf 87' lang='lat' dir='ltr'>macrum,</span> <span class='ocrx_word' id='word_1_92' title='bbox 1026 1252 1255 1308; x_wconf 84' lang='lat' dir='ltr'>donata</span> <span class='ocrx_word' id='word_1_93' title='bbox 1284 1252 1516 1309; x_wconf 86' lang='lat' dir='ltr'>reducit</span> <span class='ocrx_word' id='word_1_94' title='bbox 1547 1254 1831 1328; x_wconf 90' lang='lat' dir='ltr'>opimum.</span> 
     </span>
    </p>

    <p class='ocr_par' dir='ltr' id='par_1_10' title="bbox 205 1330 1901 1568">
     <span class='ocr_line' id='line_1_15' title="bbox 208 1330 1901 1408; baseline 0.001 -20"><span class='ocrx_word' id='word_1_95' title='bbox 208 1330 400 1405; x_wconf 83' lang='lat' dir='ltr'>Saepe</span> <span class='ocrx_word' id='word_1_96' title='bbox 430 1333 612 1388; x_wconf 90' lang='lat' dir='ltr'>etiam</span> <span class='ocrx_word' id='word_1_97' title='bbox 645 1333 935 1388; x_wconf 85' lang='lat' dir='ltr'>audacem</span> <span class='ocrx_word' id='word_1_98' title='bbox 967 1333 1143 1405; x_wconf 89' lang='lat' dir='ltr'>fugat</span> <span class='ocrx_word' id='word_1_99' title='bbox 1173 1331 1288 1389; x_wconf 89' lang='lat' dir='ltr'>hoc</span> <span class='ocrx_word' id='word_1_100' title='bbox 1315 1338 1618 1408; x_wconf 85' lang='lat' dir='ltr'>terretque</span> <span class='ocrx_word' id='word_1_101' title='bbox 1647 1336 1901 1407; x_wconf 81' lang='lat' dir='ltr'>poetam,</span> 
     </span>
     <span class='ocr_line' id='line_1_16' title="bbox 207 1411 1832 1487; baseline 0.001 -20"><span class='ocrx_word' id='word_1_102' title='bbox 207 1412 384 1483; x_wconf 90' lang='lat' dir='ltr'>Quod</span> <span class='ocrx_word' id='word_1_103' title='bbox 415 1430 662 1469; x_wconf 86' lang='lat' dir='ltr'>numero</span> <span class='ocrx_word' id='word_1_104' title='bbox 693 1412 915 1487; x_wconf 89' lang='lat' dir='ltr'>plures,</span> <span class='ocrx_word' id='word_1_105' title='bbox 948 1412 1177 1469; x_wconf 89' lang='lat' dir='ltr'>virtute</span> <span class='ocrx_word' id='word_1_106' title='bbox 1209 1419 1271 1469; x_wconf 91' lang='lat' dir='ltr'>et</span> <span class='ocrx_word' id='word_1_107' title='bbox 1300 1411 1524 1469; x_wconf 85' lang='lat' dir='ltr'>honore</span> <span class='ocrx_word' id='word_1_108' title='bbox 1552 1414 1832 1483; x_wconf 77' lang='lat' dir='ltr'>minoreS,</span> 
     </span>
     <span class='ocr_line' id='line_1_17' title="bbox 205 1492 1523 1568; baseline 0.001 -20"><span class='ocrx_word' id='word_1_109' title='bbox 205 1492 444 1549; x_wconf 87' lang='lat' dir='ltr'>Indocti</span> <span class='ocrx_word' id='word_1_110' title='bbox 474 1492 819 1568; x_wconf 85' lang='lat' dir='ltr'>stolidique,</span> <span class='ocrx_word' id='word_1_111' title='bbox 852 1499 915 1549; x_wconf 92' lang='lat' dir='ltr'>et</span> <span class='ocrx_word' id='word_1_112' title='bbox 944 1492 1297 1567; x_wconf 85' lang='lat' dir='ltr'>depugnare</span> <span class='ocrx_word' id='word_1_113' title='bbox 1324 1493 1523 1568; x_wconf 88' lang='lat' dir='ltr'>parati</span> 
     </span>
    </p>

    <p class='ocr_par' dir='ltr' id='par_1_11' title="bbox 206 1570 2070 1888">
     <span class='ocr_line' id='line_1_18' title="bbox 207 1570 2070 1647; baseline 0.002 -20"><span class='ocrx_word' id='word_1_114' title='bbox 207 1572 270 1628; x_wconf 81' lang='lat' dir='ltr'>Si</span> <span class='ocrx_word' id='word_1_115' title='bbox 302 1570 604 1630; x_wconf 84' lang='lat' dir='ltr'>discordet</span> <span class='ocrx_word' id='word_1_116' title='bbox 633 1591 836 1647; x_wconf 84' lang='lat' dir='ltr'>equeS,</span> <span class='ocrx_word' id='word_1_117' title='bbox 871 1573 1072 1630; x_wconf 86' lang='lat' dir='ltr'>media</span> <span class='ocrx_word' id='word_1_118' title='bbox 1098 1574 1259 1629; x_wconf 90' lang='lat' dir='ltr'>inter</span> <span class='ocrx_word' id='word_1_119' title='bbox 1286 1574 1556 1629; x_wconf 89' lang='lat' dir='ltr'>carmina</span> <span class='ocrx_word' id='word_1_120' title='bbox 1585 1580 1845 1647; x_wconf 90' lang='lat' dir='ltr'>poscunt</span> <span class='ocrx_word' id='word_1_121' title='bbox 1960 1575 2070 1630; x_wconf 83' lang='lat'>185</span> 
     </span>
     <span class='ocr_line' id='line_1_19' title="bbox 206 1652 1951 1728; baseline 0.001 -21"><span class='ocrx_word' id='word_1_122' title='bbox 206 1653 338 1708; x_wconf 89' lang='lat' dir='ltr'>Aut</span> <span class='ocrx_word' id='word_1_123' title='bbox 366 1670 576 1708; x_wconf 88' lang='lat' dir='ltr'>ursum</span> <span class='ocrx_word' id='word_1_124' title='bbox 607 1661 713 1708; x_wconf 87' lang='lat' dir='ltr'>aut</span> <span class='ocrx_word' id='word_1_125' title='bbox 742 1652 1014 1727; x_wconf 88' lang='lat' dir='ltr'>pugiles:</span> <span class='ocrx_word' id='word_1_126' title='bbox 1062 1652 1157 1709; x_wconf 89' lang='lat' dir='ltr'>his</span> <span class='ocrx_word' id='word_1_127' title='bbox 1190 1670 1331 1709; x_wconf 88' lang='lat' dir='ltr'>nam</span> <span class='ocrx_word' id='word_1_128' title='bbox 1360 1654 1673 1728; x_wconf 87' lang='lat' dir='ltr'>plebecula</span> <span class='ocrx_word' id='word_1_129' title='bbox 1705 1654 1951 1728; x_wconf 86' lang='lat' dir='ltr'>gaudet.</span> 
     </span>
     <span class='ocr_line' id='line_1_20' title="bbox 208 1732 2024 1808; baseline -0.001 -19"><span class='ocrx_word' id='word_1_130' title='bbox 208 1732 439 1789; x_wconf 88' lang='lat' dir='ltr'>Verum</span> <span class='ocrx_word' id='word_1_131' title='bbox 467 1733 691 1807; x_wconf 82' lang='lat' dir='ltr'>equitis</span> <span class='ocrx_word' id='word_1_132' title='bbox 722 1751 960 1808; x_wconf 89' lang='lat' dir='ltr'>quoque</span> <span class='ocrx_word' id='word_1_133' title='bbox 981 1734 1110 1806; x_wconf 70' lang='lat' dir='ltr'>=iam</span> <span class='ocrx_word' id='word_1_134' title='bbox 1142 1733 1430 1806; x_wconf 79' lang='lat' dir='ltr'>migravit</span> <span class='ocrx_word' id='word_1_135' title='bbox 1461 1734 1535 1790; x_wconf 90' lang='lat' dir='ltr'>ab</span> <span class='ocrx_word' id='word_1_136' title='bbox 1566 1751 1708 1790; x_wconf 87' lang='lat' dir='ltr'>aure</span> <span class='ocrx_word' id='word_1_137' title='bbox 1743 1733 2024 1807; x_wconf 87' lang='lat' dir='ltr'>voluptas</span> 
     </span>
     <span class='ocr_line' id='line_1_21' title="bbox 209 1811 1620 1888; baseline 0.001 -19"><span class='ocrx_word' id='word_1_138' title='bbox 209 1811 423 1869; x_wconf 88' lang='lat' dir='ltr'>Omnis</span> <span class='ocrx_word' id='word_1_139' title='bbox 455 1813 530 1868; x_wconf 88' lang='lat' dir='ltr'>ad</span> <span class='ocrx_word' id='word_1_140' title='bbox 562 1813 826 1869; x_wconf 88' lang='lat' dir='ltr'>incertos</span> <span class='ocrx_word' id='word_1_141' title='bbox 858 1813 1065 1869; x_wconf 88' lang='lat' dir='ltr'>oculos</span> <span class='ocrx_word' id='word_1_142' title='bbox 1093 1818 1156 1869; x_wconf 88' lang='lat' dir='ltr'>et</span> <span class='ocrx_word' id='word_1_143' title='bbox 1183 1813 1414 1888; x_wconf 87' lang='lat' dir='ltr'>gaudia</span> <span class='ocrx_word' id='word_1_144' title='bbox 1443 1830 1620 1871; x_wconf 89' lang='lat' dir='ltr'>vana.</span> 
     </span>
    </p>

    <p class='ocr_par' dir='ltr' id='par_1_12' title="bbox 210 1892 1829 1968">
     <span class='ocr_line' id='line_1_22' title="bbox 210 1892 1829 1968; baseline 0.001 -20"><span class='ocrx_word' id='word_1_145' title='bbox 210 1893 517 1965; x_wconf 78' lang='lat' dir='ltr'>Quattuor</span> <span class='ocrx_word' id='word_1_146' title='bbox 546 1899 651 1949; x_wconf 91' lang='lat' dir='ltr'>aut</span> <span class='ocrx_word' id='word_1_147' title='bbox 680 1892 883 1968; x_wconf 87' lang='lat' dir='ltr'>plures</span> <span class='ocrx_word' id='word_1_148' title='bbox 917 1893 1132 1950; x_wconf 86' lang='lat' dir='ltr'>aulaea</span> <span class='ocrx_word' id='word_1_149' title='bbox 1158 1899 1513 1968; x_wconf 90' lang='lat' dir='ltr'>premuntur</span> <span class='ocrx_word' id='word_1_150' title='bbox 1539 1894 1600 1950; x_wconf 91' lang='lat' dir='ltr'>in</span> <span class='ocrx_word' id='word_1_151' title='bbox 1631 1893 1829 1962; x_wconf 89' lang='lat' dir='ltr'>horas,</span> 
     </span>
    </p>

    <p class='ocr_par' dir='ltr' id='par_1_13' title="bbox 209 1972 2076 2127">
     <span class='ocr_line' id='line_1_23' title="bbox 210 1972 2076 2049; baseline 0.001 -20"><span class='ocrx_word' id='word_1_152' title='bbox 210 1972 372 2029; x_wconf 91' lang='lat' dir='ltr'>Dum</span> <span class='ocrx_word' id='word_1_153' title='bbox 396 1973 640 2046; x_wconf 85' lang='lat' dir='ltr'>fugiunt</span> <span class='ocrx_word' id='word_1_154' title='bbox 664 1974 932 2048; x_wconf 89' lang='lat' dir='ltr'>equitum</span> <span class='ocrx_word' id='word_1_155' title='bbox 961 1979 1198 2030; x_wconf 89' lang='lat' dir='ltr'>turmae</span> <span class='ocrx_word' id='word_1_156' title='bbox 1217 1973 1605 2049; x_wconf 86' lang='lat' dir='ltr'>peditumque</span> <span class='ocrx_word' id='word_1_157' title='bbox 1625 1980 1935 2046; x_wconf 81' lang='lat' dir='ltr'>catervae3</span> <span class='ocrx_word' id='word_1_158' title='bbox 1961 1973 2076 2031; x_wconf 86' lang='grc'>190</span> 
     </span>
     <span class='ocr_line' id='line_1_24' title="bbox 209 2051 1772 2127; baseline 0.001 -19"><span class='ocrx_word' id='word_1_159' title='bbox 209 2051 357 2109; x_wconf 81' lang='lat' dir='ltr'>Mox</span> <span class='ocrx_word' id='word_1_160' title='bbox 385 2053 648 2109; x_wconf 88' lang='lat' dir='ltr'>trahitur</span> <span class='ocrx_word' id='word_1_161' title='bbox 681 2053 959 2109; x_wconf 87' lang='lat' dir='ltr'>manibus</span> <span class='ocrx_word' id='word_1_162' title='bbox 992 2070 1205 2127; x_wconf 88' lang='lat' dir='ltr'>regum</span> <span class='ocrx_word' id='word_1_163' title='bbox 1237 2054 1480 2110; x_wconf 84' lang='lat' dir='ltr'>fortuna</span> <span class='ocrx_word' id='word_1_164' title='bbox 1509 2054 1772 2122; x_wconf 86' lang='lat' dir='ltr'>retortis,</span> 
     </span>
    </p>

    <p class='ocr_par' dir='ltr' id='par_1_14' title="bbox 209 2132 1643 2208">
     <span class='ocr_line' id='line_1_25' title="bbox 209 2132 1643 2208; baseline 0.001 -20"><span class='ocrx_word' id='word_1_165' title='bbox 209 2132 446 2189; x_wconf 88' lang='lat' dir='ltr'>Esseda</span> <span class='ocrx_word' id='word_1_166' title='bbox 475 2132 781 2203; x_wconf 88' lang='lat' dir='ltr'>festinant,</span> <span class='ocrx_word' id='word_1_167' title='bbox 814 2132 1066 2207; x_wconf 89' lang='lat' dir='ltr'>pilenta,</span> <span class='ocrx_word' id='word_1_168' title='bbox 1097 2134 1404 2208; x_wconf 89' lang='lat' dir='ltr'>petorrita,</span> <span class='ocrx_word' id='word_1_169' title='bbox 1439 2151 1643 2203; x_wconf 64' lang='lat' dir='ltr'>naves»,</span> 
     </span>
    </p>

    <p class='ocr_par' dir='ltr' id='par_1_15' title="bbox 211 2212 1697 2288">
     <span class='ocr_line' id='line_1_26' title="bbox 211 2212 1697 2288; baseline 0.001 -20"><span class='ocrx_word' id='word_1_170' title='bbox 211 2212 538 2287; x_wconf 86' lang='lat' dir='ltr'>Captivum</span> <span class='ocrx_word' id='word_1_171' title='bbox 567 2221 844 2288; x_wconf 88' lang='lat' dir='ltr'>portatur</span> <span class='ocrx_word' id='word_1_172' title='bbox 874 2213 1038 2283; x_wconf 89' lang='lat' dir='ltr'>ebur,</span> <span class='ocrx_word' id='word_1_173' title='bbox 1073 2214 1319 2288; x_wconf 88' lang='lat' dir='ltr'>captiva</span> <span class='ocrx_word' id='word_1_174' title='bbox 1350 2213 1697 2271; x_wconf 69' lang='lat' dir='ltr'>Corinthus</span> 
     </span>
    </p>

    <p class='ocr_par' dir='ltr' id='par_1_16' title="bbox 211 2291 1604 2363">
     <span class='ocr_line' id='line_1_27' title="bbox 211 2291 1604 2363; baseline 0.001 -14"><span class='ocrx_word' id='word_1_175' title='bbox 211 2291 277 2349; x_wconf 82' lang='lat' dir='ltr'>Si</span> <span class='ocrx_word' id='word_1_176' title='bbox 309 2294 461 2350; x_wconf 89' lang='lat' dir='ltr'>foret</span> <span class='ocrx_word' id='word_1_177' title='bbox 489 2293 553 2349; x_wconf 93' lang='lat' dir='ltr'>in</span> <span class='ocrx_word' id='word_1_178' title='bbox 582 2294 773 2362; x_wconf 78' lang='lat' dir='ltr'>terriS,</span> <span class='ocrx_word' id='word_1_179' title='bbox 808 2293 1029 2350; x_wconf 87' lang='lat' dir='ltr'>rideret</span> <span class='ocrx_word' id='word_1_180' title='bbox 1059 2293 1461 2363; x_wconf 78' lang='lat' dir='ltr'>DemocrituS‚</span> <span class='ocrx_word' id='word_1_181' title='bbox 1493 2311 1604 2350; x_wconf 90' lang='lat' dir='ltr'>seu</span> 
     </span>
    </p>

    <p class='ocr_par' dir='ltr' id='par_1_17' title="bbox 208 2372 2078 2528">
     <span class='ocr_line' id='line_1_28' title="bbox 208 2372 2078 2448; baseline 0.002 -20"><span class='ocrx_word' id='word_1_182' title='bbox 208 2372 535 2429; x_wconf 84' lang='lat' dir='ltr'>Diversum</span> <span class='ocrx_word' id='word_1_183' title='bbox 565 2373 818 2430; x_wconf 87' lang='lat' dir='ltr'>confusa</span> <span class='ocrx_word' id='word_1_184' title='bbox 849 2391 1043 2446; x_wconf 86' lang='lat' dir='ltr'>genus</span> <span class='ocrx_word' id='word_1_185' title='bbox 1073 2374 1372 2448; x_wconf 89' lang='lat' dir='ltr'>panthera</span> <span class='ocrx_word' id='word_1_186' title='bbox 1400 2374 1645 2445; x_wconf 84' lang='lat' dir='ltr'>camele,</span> <span class='ocrx_word' id='word_1_187' title='bbox 1965 2375 2078 2431; x_wconf 83' lang='lat'>195</span> 
     </span>
     <span class='ocr_line' id='line_1_29' title="bbox 209 2451 1606 2528; baseline 0.001 -20"><span class='ocrx_word' id='word_1_188' title='bbox 209 2451 351 2509; x_wconf 86' lang='lat' dir='ltr'>Sive</span> <span class='ocrx_word' id='word_1_189' title='bbox 381 2451 627 2527; x_wconf 88' lang='lat' dir='ltr'>elephas</span> <span class='ocrx_word' id='word_1_190' title='bbox 658 2453 831 2509; x_wconf 85' lang='lat' dir='ltr'>albus</span> <span class='ocrx_word' id='word_1_191' title='bbox 864 2453 1030 2528; x_wconf 86' lang='lat' dir='ltr'>volgi</span> <span class='ocrx_word' id='word_1_192' title='bbox 1062 2459 1437 2511; x_wconf 88' lang='lat' dir='ltr'>converteret</span> <span class='ocrx_word' id='word_1_193' title='bbox 1467 2471 1605 2510; x_wconf 88' lang='lat' dir='ltr'>ora·</span> <span class='ocrx_word' id='word_1_194' title='bbox 1590 2496 1606 2527; x_wconf 89' lang='lat'>,</span> 
     </span>
    </p>

    <p class='ocr_par' dir='ltr' id='par_1_18' title="bbox 208 2530 1554 2608">
     <span class='ocr_line' id='line_1_30' title="bbox 208 2530 1554 2608; baseline 0.002 -20"><span class='ocrx_word' id='word_1_195' title='bbox 208 2530 519 2605; x_wconf 84' lang='lat' dir='ltr'>Spectaret</span> <span class='ocrx_word' id='word_1_196' title='bbox 546 2533 839 2608; x_wconf 90' lang='lat' dir='ltr'>populum</span> <span class='ocrx_word' id='word_1_197' title='bbox 871 2533 1035 2591; x_wconf 91' lang='lat' dir='ltr'>ludis</span> <span class='ocrx_word' id='word_1_198' title='bbox 1068 2534 1360 2592; x_wconf 89' lang='lat' dir='ltr'>attentius</span> <span class='ocrx_word' id='word_1_199' title='bbox 1389 2534 1554 2608; x_wconf 81' lang='lat' dir='ltr'>ipsiS,</span> 
     </span>
    </p>

    <p class='ocr_par' dir='ltr' id='par_1_19' title="bbox 208 2611 1688 2692">
     <span class='ocr_line' id='line_1_31' title="bbox 208 2611 1688 2692; baseline 0.002 -24"><span class='ocrx_word' id='word_1_200' title='bbox 208 2611 297 2669; x_wconf 89' lang='lat' dir='ltr'>Ut</span> <span class='ocrx_word' id='word_1_201' title='bbox 326 2612 439 2668; x_wconf 87' lang='lat' dir='ltr'>sibi</span> <span class='ocrx_word' id='word_1_202' title='bbox 466 2612 853 2688; x_wconf 89' lang='lat' dir='ltr'>praebentem</span> <span class='ocrx_word' id='word_1_203' title='bbox 887 2615 1070 2670; x_wconf 89' lang='lat' dir='ltr'>mimo</span> <span class='ocrx_word' id='word_1_204' title='bbox 1102 2614 1445 2692; x_wconf 83' lang='lat' dir='ltr'>spectacula</span> <span class='ocrx_word' id='word_1_205' title='bbox 1472 2614 1687 2689; x_wconf 86' lang='lat' dir='ltr'>plura·</span> <span class='ocrx_word' id='word_1_206' title='bbox 1673 2656 1688 2688; x_wconf 95' lang='lat'>,</span> 
     </span>
    </p>

    <p class='ocr_par' dir='ltr' id='par_1_20' title="bbox 208 2690 1542 2768">
     <span class='ocr_line' id='line_1_32' title="bbox 208 2690 1542 2768; baseline 0.002 -20"><span class='ocrx_word' id='word_1_207' title='bbox 208 2690 542 2768; x_wconf 86' lang='lat' dir='ltr'>Scriptores</span> <span class='ocrx_word' id='word_1_208' title='bbox 574 2698 776 2750; x_wconf 90' lang='lat' dir='ltr'>autem</span> <span class='ocrx_word' id='word_1_209' title='bbox 812 2711 1052 2750; x_wconf 86' lang='lat' dir='ltr'>narrare</span> <span class='ocrx_word' id='word_1_210' title='bbox 1082 2701 1328 2768; x_wconf 90' lang='lat' dir='ltr'>putaret</span> <span class='ocrx_word' id='word_1_211' title='bbox 1358 2694 1542 2751; x_wconf 91' lang='lat' dir='ltr'>asello</span> 
     </span>
    </p>

    <p class='ocr_par' dir='ltr' id='par_1_21' title="bbox 203 2770 2079 3332">
     <span class='ocr_line' id='line_1_33' title="bbox 206 2770 2079 2850; baseline 0.003 -22"><span class='ocrx_word' id='word_1_212' title='bbox 206 2770 522 2839; x_wconf 87' lang='lat' dir='ltr'>Fabellam</span> <span class='ocrx_word' id='word_1_213' title='bbox 554 2773 751 2830; x_wconf 89' lang='lat' dir='ltr'>surdo.</span> <span class='ocrx_word' id='word_1_214' title='bbox 842 2773 1005 2830; x_wconf 88' lang='lat' dir='ltr'>Nam</span> <span class='ocrx_word' id='word_1_215' title='bbox 1035 2792 1191 2849; x_wconf 90' lang='lat' dir='ltr'>quae</span> <span class='ocrx_word' id='word_1_216' title='bbox 1219 2774 1565 2850; x_wconf 89' lang='lat' dir='ltr'>pervincere</span> <span class='ocrx_word' id='word_1_217' title='bbox 1594 2791 1775 2832; x_wconf 84' lang='lat' dir='ltr'>voces</span> <span class='ocrx_word' id='word_1_218' title='bbox 1961 2776 2079 2833; x_wconf 81' lang='lat'>200</span> 
     </span>
     <span class='ocr_line' id='line_1_34' title="bbox 204 2850 1834 2929; baseline 0.002 -22"><span class='ocrx_word' id='word_1_219' title='bbox 204 2850 505 2908; x_wconf 85' lang='lat' dir='ltr'>Evaluere</span> <span class='ocrx_word' id='word_1_220' title='bbox 536 2870 772 2924; x_wconf 88' lang='lat' dir='ltr'>sonum,</span> <span class='ocrx_word' id='word_1_221' title='bbox 807 2854 1075 2911; x_wconf 83' lang='lat' dir='ltr'>referunt</span> <span class='ocrx_word' id='word_1_222' title='bbox 1104 2872 1283 2929; x_wconf 87' lang='lat' dir='ltr'>quem</span> <span class='ocrx_word' id='word_1_223' title='bbox 1317 2860 1524 2911; x_wconf 86' lang='lat' dir='ltr'>nostra</span> <span class='ocrx_word' id='word_1_224' title='bbox 1550 2851 1834 2912; x_wconf 81' lang='lat' dir='ltr'>theatra?</span> 
     </span>
     <span class='ocr_line' id='line_1_35' title="bbox 205 2931 1938 3009; baseline 0.001 -20"><span class='ocrx_word' id='word_1_225' title='bbox 205 2931 562 3006; x_wconf 80' lang='lat' dir='ltr'>Garganum</span> <span class='ocrx_word' id='word_1_226' title='bbox 597 2934 832 3006; x_wconf 88' lang='lat' dir='ltr'>mugire</span> <span class='ocrx_word' id='word_1_227' title='bbox 866 2941 1045 3009; x_wconf 91' lang='lat' dir='ltr'>putes</span> <span class='ocrx_word' id='word_1_228' title='bbox 1075 2952 1291 2991; x_wconf 89' lang='lat' dir='ltr'>nemus</span> <span class='ocrx_word' id='word_1_229' title='bbox 1324 2940 1431 2991; x_wconf 88' lang='lat' dir='ltr'>aut</span> <span class='ocrx_word' id='word_1_230' title='bbox 1458 2952 1623 2991; x_wconf 90' lang='lat' dir='ltr'>mare</span> <span class='ocrx_word' id='word_1_231' title='bbox 1655 2934 1938 3004; x_wconf 88' lang='lat' dir='ltr'>Tuscum,</span> 
     </span>
     <span class='ocr_line' id='line_1_36' title="bbox 203 3010 1687 3089; baseline 0.003 -22"><span class='ocrx_word' id='word_1_232' title='bbox 203 3010 402 3069; x_wconf 82' lang='lat' dir='ltr'>Tanto</span> <span class='ocrx_word' id='word_1_233' title='bbox 433 3029 570 3069; x_wconf 90' lang='lat' dir='ltr'>cum</span> <span class='ocrx_word' id='word_1_234' title='bbox 605 3014 862 3088; x_wconf 88' lang='lat' dir='ltr'>strepitu</span> <span class='ocrx_word' id='word_1_235' title='bbox 892 3014 1019 3071; x_wconf 89' lang='lat' dir='ltr'>ludi</span> <span class='ocrx_word' id='word_1_236' title='bbox 1051 3020 1406 3089; x_wconf 86' lang='lat' dir='ltr'>spectantur</span> <span class='ocrx_word' id='word_1_237' title='bbox 1434 3021 1497 3071; x_wconf 91' lang='lat' dir='ltr'>et</span> <span class='ocrx_word' id='word_1_238' title='bbox 1526 3020 1687 3071; x_wconf 86' lang='lat' dir='ltr'>artes</span> 
     </span>
     <span class='ocr_line' id='line_1_37' title="bbox 204 3061 1982 3169; baseline 0.002 -23"><span class='ocrx_word' id='word_1_239' title='bbox 204 3090 594 3166; x_wconf 87' lang='lat' dir='ltr'>Divitiaeque</span> <span class='ocrx_word' id='word_1_240' title='bbox 628 3094 1001 3166; x_wconf 82' lang='lat' dir='ltr'>peregrinae,</span> <span class='ocrx_word' id='word_1_241' title='bbox 1034 3094 1255 3169; x_wconf 88' lang='lat' dir='ltr'>quibus</span> <span class='ocrx_word' id='word_1_242' title='bbox 1283 3094 1509 3150; x_wconf 89' lang='lat' dir='ltr'>oblitus</span> <span class='ocrx_word' id='word_1_243' title='bbox 1539 3100 1705 3150; x_wconf 88' lang='lat' dir='ltr'>actor</span> <span class='ocrx_word' id='word_1_244' title='bbox 1856 3061 1982 3149; x_wconf 65' lang='lat' dir='ltr'>L)...</span> 
     </span>
     <span class='ocr_line' id='line_1_38' title="bbox 204 3168 2076 3242; baseline 0.002 -15"><span class='ocrx_word' id='word_1_245' title='bbox 204 3168 360 3227; x_wconf 85' lang='lat' dir='ltr'>Cum</span> <span class='ocrx_word' id='word_1_246' title='bbox 395 3172 569 3228; x_wconf 86' lang='lat' dir='ltr'>stetit</span> <span class='ocrx_word' id='word_1_247' title='bbox 601 3171 663 3226; x_wconf 89' lang='lat' dir='ltr'>in</span> <span class='ocrx_word' id='word_1_248' title='bbox 696 3189 931 3242; x_wconf 87' lang='lat' dir='ltr'>scaena,</span> <span class='ocrx_word' id='word_1_249' title='bbox 963 3174 1266 3231; x_wconf 87' lang='lat' dir='ltr'>concurrit</span> <span class='ocrx_word' id='word_1_250' title='bbox 1295 3173 1547 3231; x_wconf 78' lang='lat' dir='ltr'>dextera</span> <span class='ocrx_word' id='word_1_251' title='bbox 1577 3174 1803 3231; x_wconf 84' lang='lat' dir='ltr'>laevae.</span> <span class='ocrx_word' id='word_1_252' title='bbox 1960 3174 2076 3231; x_wconf 81' lang='lat'>205</span> 
     </span>
     <span class='ocr_line' id='line_1_39' title="bbox 205 3249 2041 3332; baseline 0.001 -24"><span class='ocrx_word' id='word_1_253' title='bbox 205 3249 376 3309; x_wconf 87' lang='lat' dir='ltr'>Dixit</span> <span class='ocrx_word' id='word_1_254' title='bbox 405 3252 603 3309; x_wconf 87' lang='lat' dir='ltr'>adhuc</span> <span class='ocrx_word' id='word_1_255' title='bbox 626 3252 891 3328; x_wconf 86' lang='lat' dir='ltr'>aliquid</span> <span class='ocrx_word' id='word_1_256' title='bbox 877 3251 901 3295; x_wconf 80' lang='lat'>¹?</span> <span class='ocrx_word' id='word_1_257' title='bbox 947 3253 1109 3310; x_wconf 83' lang='lat' dir='ltr'>“Nil</span> <span class='ocrx_word' id='word_1_258' title='bbox 1139 3271 1300 3311; x_wconf 88' lang='lat' dir='ltr'>sane.</span> <span class='ocrx_word' id='word_1_259' title='bbox 1311 3256 1344 3284; x_wconf 91' lang='lat'>&#39;&#39;</span> <span class='ocrx_word' id='word_1_260' title='bbox 1391 3255 1592 3329; x_wconf 91' lang='lat' dir='ltr'>Quid</span> <span class='ocrx_word' id='word_1_261' title='bbox 1620 3254 1819 3332; x_wconf 87' lang='lat' dir='ltr'>placet</span> <span class='ocrx_word' id='word_1_262' title='bbox 1846 3270 1991 3328; x_wconf 85' lang='lat' dir='ltr'>ergo</span> <span class='ocrx_word' id='word_1_263' title='bbox 2016 3251 2041 3310; x_wconf 82' lang='lat'>?</span> 
     </span>
    </p>
   </div>
   <div class='ocr_carea' id='block_1_3' title="bbox 268 3380 2013 3451">
    <p class='ocr_par' dir='ltr' id='par_1_22' title="bbox 268 3380 2013 3451">
     <span class='ocr_line' id='line_1_40' title="bbox 268 3380 2013 3451; baseline 0.002 -21"><span class='ocrx_word' id='word_1_264' title='bbox 268 3387 353 3432; x_wconf 81' lang='lat'>175</span> <span class='ocrx_word' id='word_1_265' title='bbox 377 3387 618 3432; x_wconf 75' lang='lat' dir='ltr'>dimittere</span> <span class='ocrx_word' id='word_1_266' title='bbox 704 3386 790 3433; x_wconf 80' lang='grc'>178</span> <span class='ocrx_word' id='word_1_267' title='bbox 812 3388 965 3432; x_wconf 72' lang='lat' dir='ltr'>instat</span> <span class='ocrx_word' id='word_1_268' title='bbox 1054 3389 1141 3434; x_wconf 86' lang='grc'>186</span> <span class='ocrx_word' id='word_1_269' title='bbox 1162 3380 1377 3450; x_wconf 78' lang='lat' dir='ltr'>plaudet,</span> <span class='ocrx_word' id='word_1_270' title='bbox 1399 3391 1591 3451; x_wconf 80' lang='lat' dir='ltr'>plaudit</span> <span class='ocrx_word' id='word_1_271' title='bbox 1677 3391 1763 3437; x_wconf 84' lang='lat'>196</span> <span class='ocrx_word' id='word_1_272' title='bbox 1785 3390 2013 3451; x_wconf 74' lang='lat' dir='ltr'>elephans</span> 
     </span>
    </p>
   </div>
  </div>
 </body>
</html>
