2367 3784
402 146 482 196 zm

952 153 1242 200 HORA'I'I
1295 153 1712 200 CARMINVM

646 310 805 370 Saxa
833 311 1154 381 delectant,
1190 330 1320 387 age,
1353 317 1415 368 te
1446 311 1743 385 procellae

650 392 838 448 [frede
870 391 1078 460 veloci,
1111 392 1228 448 nisi
1265 390 1450 448 herile
1482 391 1681 448 mavis

882 470 1141 547 Carpere
1186 489 1459 547 pensum,

648 553 880 626 Regius
910 552 1181 626 sanguiS‚
1218 552 1615 628 dominaeque
1645 553 1808 610 tradi
2178 557 2233 614 65

646 634 946 690 Barbarae
977 634 1213 709 pellex.’
1237 635 1360 672 ''—
1392 633 1629 691 Aderat
1659 631 1935 709 querenti

650 714 947 771 Perfidum
979 715 1185 771 ridens
1217 712 1431 770 Venus
1461 721 1524 770 et
1553 715 1807 771 remisso

881 794 1074 851 Filius
1117 813 1274 852 arcu.

650 874 810 945 Mox,
845 875 949 932 ubi
983 875 1129 933 lusit
1160 876 1332 944 satie,
1364 881 1401 908 ⁴⁴
1422 875 1814 945 Abstinet0,''

650 954 830 1024 Dixit,
866 955 1143 1012 “irarum
1177 957 1531 1031 calidaeque
1564 956 1746 1024 rixae,
2181 940 2240 1000 70

650 1034 801 1119 Cum
833 1036 943 1092 tibi
973 1035 1211 1092 invisus
1243 1036 1571 1094 laceranda
1602 1035 1815 1093 reddet

883 1116 1127 1173 Cornua
1168 1123 1399 1178 taurus.

650 1194 813 1251 Uxor
841 1196 1051 1252 invicti
1082 1197 1123 1254 J
1130 1197 1266 1254 ovis
1292 1214 1426 1254 esse
1458 1196 1690 1255 nescis:

642 1274 824 1332 Mitte
856 1276 1182 1350 singultus„
1218 1278 1368 1334 bene
1402 1277 1555 1334 ferre
1584 1293 1875 1349 magnam

650 1354 824 1413 Disce
855 1356 1161 1413 fortunam
1189 1377 1204 1428 3
1247 1362 1355 1413 tua
1386 1364 1588 1414 sectus
1619 1356 1783 1414 orbis
2175 1337 2236 1397 75

879 1435 1142 1494 Nomina
1187 1438 1426 1493 ducet.''

1174 1662 1495 1721 XXVIII.
2061 1620 2224 1834 a(

650 1786 831 1843 Festo
875 1786 1019 1861 quid
1063 1786 1267 1862 potius
1311 1786 1406 1844 die

722 1864 995 1941 Neptuni
1026 1865 1290 1924 faciam?
1378 1867 1598 1925 Prome
1627 1865 2005 1924 reconditum

650 1945 816 2018 Lyde
860 1951 1108 2003 Strenua
1153 1947 1522 2016 Caecubum,

724 2025 1123 2102 Munitaeque
1157 2026 1380 2083 adhibe
1417 2027 1541 2083 vim
1574 2026 1928 2101 sapientiae.

650 2106 943 2163 Inclinare
987 2107 1297 2165 meridiem
2213 2115 2242 2170 5

727 2185 946 2256 Sentis,
980 2204 1065 2257 ac,
1101 2187 1292 2243 veluti
1327 2193 1449 2245 stet
1479 2187 1744 2244 volucris
1775 2186 1923 2255 dies,

650 2266 856 2323 Parcis
899 2267 1165 2342 deripere
1212 2266 1422 2324 horreo

725 2345 1084 2404 Cessantem
1115 2347 1322 2405 Bibuli
1354 2347 1620 2404 consulis
1652 2341 2052 2420 amphoram?

650 2426 779 2483 Nos
822 2428 1206 2484 cantabimus
1251 2427 1511 2485 invicem

724 2506 1078 2582 Neptunum
1109 2515 1171 2565 et
1202 2508 1430 2565 virides
1461 2507 1790 2565 Nereidum
1821 2521 2060 2577 coma83
2183 2515 2244 2569 10

650 2586 737 2644 Tu
782 2606 968 2645 curva
1009 2589 1242 2646 recines
1284 2589 1420 2664 lyra

727 2667 1030 2726 Latonam
1062 2676 1124 2727 et
1154 2670 1366 2727 celeris
1397 2668 1631 2745 spicula
1663 2665 2003 2741 Cynthiae3

650 2746 896 2806 Summo
939 2751 1220 2819 carmine,
1266 2768 1420 2824 quae
1465 2749 1702 2806 Cnidon

729 2827 1179 2905 Fulgentesque
1212 2836 1378 2888 tenet
1411 2829 1731 2904 CycladaS‚
1763 2833 1826 2884 et
1856 2824 2107 2902 Paphon

646 2910 891 2966 Junctis
936 2911 1081 2967 visit
1125 2912 1431 2984 oloribus;
2189 2913 2249 2967 15

728 2988 979 3047 Dicetur
1007 2992 1225 3048 merita
1256 2990 1396 3048 Nox
1426 3009 1664 3066 quoque
1695 2988 1892 3046 nenia.

582 3158 630 3190 :··..·;
658 3159 828 3214 paelex
952 3159 1007 3204 71
1031 3160 1191 3203 reddit
1284 3160 1310 3203 6
1332 3163 1380 3203 et
1502 3159 1528 3202 9
1553 3159 1734 3202 invices
1859 3157 1914 3200 10
1936 3154 2102 3199 choros

694 3219 741 3259 11
770 3222 868 3260 tum
896 3233 918 3258 e
941 3220 1204 3263 coniectura
1298 3219 1354 3263 13
1380 3218 1570 3264 Gnidon
1665 3219 1723 3266 14
1745 3215 1964 3276 Paphum
