2367 3784
1018 174 1163 222 ΜΒ.
1213 175 1292 221 11.
1344 161 1382 219 6
1999 160 2120 221 183

255 333 434 401 Scire,
465 333 612 389 deos
640 333 930 407 quoniam
961 332 1211 407 propius
1240 333 1561 407 contingiS,
1588 336 1878 409 oportet,)

253 412 562 488 Numquid
586 412 659 469 de
684 412 872 470 Dacis
896 411 1157 469 audisti?
1181 414 1214 443 ’'
1289 419 1320 440 ‘⁶
1344 412 1450 468 Nil
1473 413 1814 487 equidem.’'
1887 418 1920 442 ‘⁴
1942 412 2032 470 Ut
2054 419 2122 470 tu

257 493 500 567 Semper
528 493 647 548 eris
676 490 941 549 derisor!
969 493 1002 523 '²
1088 492 1234 548 “At
1263 510 1475 548 omnes
1505 492 1567 549 di
1597 492 1910 566 exagitent
1938 510 2053 561 me,

154 575 157 578 ’
256 572 317 630 Si
342 573 722 647 quicquam.'’
794 577 827 601 “
853 571 1031 646 Quid,
1056 571 1352 628 militibus
1376 572 1676 649 promissa
1700 572 2023 646 Triquetra
2047 572 2121 629 55

256 652 512 709 Praedia.
544 651 788 721 Caesar,
822 669 900 708 an
929 659 1025 708 est
1057 651 1219 708 Itala
1248 651 1460 709 tellure
1492 649 1790 709 daturus?
1819 653 1852 682 ''

254 731 292 789 J
301 739 569 788 urantem
602 750 698 789 me
729 733 881 789 scire
913 731 1064 789 nihil
1095 733 1408 800 mirantur,
1440 737 1507 788 ut
1536 750 1726 788 unum

256 811 754 900 Scilicetegregii
786 811 1103 870 mortalem
1133 811 1360 888 altique
1391 812 1611 869 silenti.

333 971 619 1029 Perditur
647 970 795 1030 haec
824 971 984 1028 inter
1010 972 1233 1045 misero
1265 972 1370 1028 lux
1399 990 1520 1029 non
1551 972 1683 1030 sine
1713 971 1908 1029 votis:

259 1051 308 1111 Ο
338 1070 458 1122 ruS,
492 1052 733 1127 quando
763 1070 878 1126 ego
907 1057 967 1109 te
1005 1050 1343 1126 aspiciam?
1387 1053 1749 1128 quandoque
1780 1052 1986 1109 licebit
2054 1054 2127 1110 60

257 1132 432 1190 Nunc
463 1140 739 1189 veterum
769 1132 957 1201 libris,
991 1150 1150 1190 nunc
1182 1150 1397 1189 somno
1426 1140 1489 1190 et
1518 1133 1816 1189 inertibus
1847 1131 2012 1195 horis

257 1212 485 1274 Ducere
519 1212 816 1270 sollicitae
838 1213 1112 1286 jucunda
1142 1213 1372 1270 oblivia
1404 1210 1611 1269 vitae?

260 1291 309 1351 Ο
338 1293 584 1369 quando
614 1293 756 1349 faba
787 1293 1180 1366 Pythagorae
1211 1300 1474 1368 cognata
1502 1293 1799 1368 simulque

259 1372 459 1430 Uncta
490 1373 644 1429 satis
674 1372 885 1447 pingui
918 1379 1221 1446 ponentur
1250 1373 1522 1430 oluscula
1552 1372 1768 1431 lardo?

260 1451 310 1510 O
339 1459 550 1510 noctes
580 1471 879 1527 cenaeque
912 1452 1127 1511 deuml
1171 1453 1393 1528 quibus
1425 1453 1552 1529 ipse
1583 1454 1823 1528 meique
2056 1453 2130 1510 65

262 1533 423 1594 Ante
456 1533 677 1590 Larem
708 1533 1019 1607 proprium
1051 1551 1266 1590 vescor
1295 1551 1633 1609 vernasque
1664 1549 1949 1608 procaces

264 1612 453 1671 Pasco
483 1613 692 1670 libatis
720 1613 992 1688 dapibus,
1082 1613 1276 1671 Prout
1304 1615 1520 1689 cuique
1551 1614 1734 1671 libido
1763 1620 1876 1684 est,

266 1692 461 1754 Siccat
490 1693 843 1768 inaequales
874 1693 1093 1751 calices
1122 1695 1402 1764 conviva,
1436 1694 1673 1751 solutus

265 1772 530 1848 Legibus
561 1774 810 1843 insaniS‚
844 1791 953 1830 seu
983 1774 1121 1849 quis
1150 1775 1312 1850 capit
1343 1774 1506 1831 acria
1536 1774 1712 1832 fortis

267 1853 507 1924 Pocula,
541 1872 649 1910 seu
678 1853 935 1911 modicis
965 1856 1204 1912 uvescit
1235 1856 1469 1912 laetius
1557 1854 1724 1928 Ergo
2059 1851 2134 1911 70

269 1934 474 1993 Sermo
506 1935 713 2001 oritur,
741 1952 861 1990 non
893 1934 966 1991 de
1000 1935 1163 1991 villis
1194 1935 1551 1992 domibusve
1584 1934 1819 2003 alienis,

266 2014 389 2090 Nec
419 2014 575 2072 male
605 2032 791 2071 necne
826 2014 1029 2089 Lepos
1062 2015 1278 2087 saltet;
1322 2015 1429 2072 sed
1459 2015 1621 2089 quod
1651 2014 1850 2087 magis
1880 2014 1957 2072 ad
1987 2030 2100 2070 nos

269 2094 537 2153 Pertinet
565 2100 627 2151 et
655 2095 886 2151 nescire
918 2094 1146 2151 malum
1177 2101 1275 2152 est
1305 2096 1645 2169 agitamus:
1691 2102 1969 2151 utrumne

270 2175 518 2232 Divitiis
548 2173 825 2231 homines
858 2192 935 2230 an
966 2176 1091 2231 sint
1122 2176 1349 2231 virtute
1381 2175 1581 2247 beati3

270 2256 498 2328 Quidve
531 2255 607 2312 ad
641 2255 960 2322 amicitiaS‚
994 2248 1142 2311 usus
1173 2263 1501 2324 rectumne,
1535 2254 1741 2311 trahat
1770 2272 1917 2327 nos;
2066 2253 2138 2313 75

267 2335 348 2393 Et
374 2354 529 2413 quae
561 2337 641 2393 sit
669 2344 890 2392 natura
920 2334 1080 2405 boni,
1113 2352 1538 2411 summumque
1569 2335 1715 2411 quid
1744 2336 1889 2408 ejus,

350 2496 610 2555 Cervius
640 2496 789 2554 haec
819 2495 979 2553 inter
1007 2496 1243 2554 vicinus
1274 2496 1465 2570 garrit
1494 2495 1684 2553 aniles

269 2575 360 2633 Ex
387 2595 450 2633 re
482 2577 754 2634 fabellas,
843 2576 906 2633 Si
938 2577 1075 2652 quis
1105 2594 1247 2634 nam
1279 2577 1490 2634 laudat
1520 2575 1716 2633 Arelli
1774 2631 1780 2636 .

273 2655 578 2713 Sollicitas
609 2657 860 2731 ignarus
890 2675 1052 2733 opeS‚
1086 2658 1173 2714 sic
1203 2657 1452 2732 incipit:
1500 2656 1716 2713 “Olim

269 2734 559 2793 Rusticus
588 2737 885 2793 urbanum
918 2755 1151 2795 murem
1181 2755 1316 2793 mus
1345 2753 1608 2813 paupere
1638 2736 1830 2793 fertur
2070 2735 2144 2789 80

271 2816 595 2892 Accepisse
627 2835 795 2887 cam,
831 2824 1094 2874 veterem
1126 2825 1308 2874 vetus
1341 2818 1562 2892 hospes
1594 2817 1872 2885 amicum,

273 2898 467 2971 Asper
498 2904 561 2953 et
591 2902 862 2954 attentus
892 2897 1203 2973 quaesitis,
1238 2904 1306 2954 ut
1334 2902 1538 2954 tamen
1571 2903 1771 2953 artum

274 2975 547 3033 Solveret
578 2975 860 3053 hospitiis
892 2978 1178 3034 animum.
1271 2978 1430 3049 Quid
1462 2975 1698 3033 multa?
1744 2992 1938 3051 neque
1969 2974 2064 3031 ille

273 3054 533 3131 Sepositi
564 3057 773 3114 ciceris
804 3074 914 3113 nec
943 3057 1160 3131 longae
1194 3056 1419 3114 invidit
1451 3074 1696 3124 avenae,

273 3137 527 3193 Aridum
557 3143 620 3194 et
649 3155 749 3194 ore
781 3137 978 3194 ferens
1009 3138 1247 3194 acinum
1279 3154 1631 3211 semesaque
1662 3135 1815 3193 lardi
2078 3131 2151 3188 85

274 3214 496 3274 Frusta
525 3217 710 3286 dedit,
744 3218 994 3292 cupiens
1024 3217 1198 3274 varia
1228 3217 1476 3274 fastidia
1506 3234 1655 3274 cena

369 3374 423 3417 57
446 3372 652 3417 miratur
714 3372 770 3416 62
793 3372 1001 3416 iocunda
1064 3370 1118 3417 70
1140 3370 1379 3416 humescit
1442 3370 1498 3416 78
1521 3383 1634 3415 nam
1658 3370 1700 3413 si
1720 3369 1830 3428 quis
1894 3368 1950 3409 83
1973 3366 2046 3410 ini
