<?xml version="1.0" encoding="UTF-8"?>
<!DOCTYPE html PUBLIC "-//W3C//DTD XHTML 1.0 Transitional//EN"
    "http://www.w3.org/TR/xhtml1/DTD/xhtml1-transitional.dtd">
<html xmlns="http://www.w3.org/1999/xhtml" xml:lang="en" lang="en">
 <head>
  <title>
</title>
<meta http-equiv="Content-Type" content="text/html;charset=utf-8" />
  <meta name='ocr-system' content='tesseract 3.04.00' />
  <meta name='ocr-capabilities' content='ocr_page ocr_carea ocr_par ocr_line ocrx_word'/>
</head>
<body>
  <div class='ocr_page' id='page_1' title='image "./workshorace02chasgoog_0142.png"; bbox 0 0 2367 3784; ppageno 0'>
   <div class='ocr_carea' id='block_1_1' title="bbox 256 116 1571 177">
    <p class='ocr_par' dir='ltr' id='par_1_1' title="bbox 256 116 1571 177">
     <span class='ocr_line' id='line_1_1' title="bbox 256 116 1571 177; baseline -0.004 0"><span class='ocrx_word' id='word_1_1' title='bbox 256 116 381 177; x_wconf 82' lang='lat'>136</span> <span class='ocrx_word' id='word_1_2' title='bbox 784 125 1072 174; x_wconf 79' lang='lat' dir='ltr'>HORA‘H</span> <span class='ocrx_word' id='word_1_3' title='bbox 1125 125 1571 174; x_wconf 73' lang='lat' dir='ltr'><strong>SATIRARVM</strong></span> 
     </span>
    </p>
   </div>
   <div class='ocr_carea' id='block_1_2' title="bbox 258 285 2221 2606">
    <p class='ocr_par' dir='ltr' id='par_1_2' title="bbox 258 285 1763 362">
     <span class='ocr_line' id='line_1_2' title="bbox 258 285 1763 362; baseline -0.004 -15"><span class='ocrx_word' id='word_1_4' title='bbox 258 289 363 348; x_wconf 88' lang='lat' dir='ltr'>Nil</span> <span class='ocrx_word' id='word_1_5' title='bbox 396 288 644 362; x_wconf 87' lang='lat' dir='ltr'>aequale</span> <span class='ocrx_word' id='word_1_6' title='bbox 677 287 907 344; x_wconf 90' lang='lat' dir='ltr'>homini</span> <span class='ocrx_word' id='word_1_7' title='bbox 938 286 1053 344; x_wconf 90' lang='lat' dir='ltr'>fuit</span> <span class='ocrx_word' id='word_1_8' title='bbox 1081 286 1207 360; x_wconf 86' lang='lat' dir='ltr'>illi;</span> <span class='ocrx_word' id='word_1_9' title='bbox 1252 303 1431 361; x_wconf 83' lang='lat' dir='ltr'>saepe</span> <span class='ocrx_word' id='word_1_10' title='bbox 1462 285 1631 343; x_wconf 79' lang='lat' dir='ltr'>velut</span> <span class='ocrx_word' id='word_1_11' title='bbox 1660 285 1763 360; x_wconf 88' lang='lat' dir='ltr'>qui</span> 
     </span>
    </p>

    <p class='ocr_par' dir='ltr' id='par_1_3' title="bbox 261 366 2123 520">
     <span class='ocr_line' id='line_1_3' title="bbox 261 366 2123 442; baseline -0.001 -16"><span class='ocrx_word' id='word_1_12' title='bbox 261 369 562 428; x_wconf 85' lang='lat' dir='ltr'>Currebat</span> <span class='ocrx_word' id='word_1_13' title='bbox 591 368 834 442; x_wconf 82' lang='lat' dir='ltr'>fugiens</span> <span class='ocrx_word' id='word_1_14' title='bbox 866 366 1125 436; x_wconf 82' lang='lat' dir='ltr'>hostem,</span> <span class='ocrx_word' id='word_1_15' title='bbox 1156 384 1448 441; x_wconf 85' lang='lat' dir='ltr'>persaepe</span> <span class='ocrx_word' id='word_1_16' title='bbox 1483 366 1647 423; x_wconf 87' lang='lat' dir='ltr'>velut</span> <span class='ocrx_word' id='word_1_17' title='bbox 1676 366 1779 440; x_wconf 92' lang='lat' dir='ltr'>qui</span> <span class='ocrx_word' id='word_1_18' title='bbox 2057 371 2123 425; x_wconf 89' lang='grc'>10</span> 
     </span>
     <span class='ocr_line' id='line_1_4' title="bbox 261 446 1830 520; baseline -0.003 -15"><span class='ocrx_word' id='word_1_19' title='bbox 261 451 302 507; x_wconf 87' lang='lat' dir='ltr'>J</span> <span class='ocrx_word' id='word_1_20' title='bbox 308 448 528 505; x_wconf 90' lang='lat' dir='ltr'>unonis</span> <span class='ocrx_word' id='word_1_21' title='bbox 559 465 730 504; x_wconf 86' lang='lat' dir='ltr'>sacra</span> <span class='ocrx_word' id='word_1_22' title='bbox 759 448 973 520; x_wconf 78' lang='lat' dir='ltr'>serret3</span> <span class='ocrx_word' id='word_1_23' title='bbox 1017 447 1284 504; x_wconf 86' lang='lat' dir='ltr'>habebat</span> <span class='ocrx_word' id='word_1_24' title='bbox 1312 463 1491 520; x_wconf 75' lang='lat' dir='ltr'>saepe</span> <span class='ocrx_word' id='word_1_25' title='bbox 1521 446 1830 514; x_wconf 88' lang='lat' dir='ltr'>ducentos,</span> 
     </span>
    </p>

    <p class='ocr_par' dir='ltr' id='par_1_4' title="bbox 264 524 2124 922">
     <span class='ocr_line' id='line_1_5' title="bbox 265 524 2004 604; baseline -0.003 -18"><span class='ocrx_word' id='word_1_26' title='bbox 265 529 456 604; x_wconf 83' lang='lat' dir='ltr'>Saepe</span> <span class='ocrx_word' id='word_1_27' title='bbox 490 529 696 585; x_wconf 88' lang='lat' dir='ltr'>decem</span> <span class='ocrx_word' id='word_1_28' title='bbox 729 544 975 601; x_wconf 82' lang='lat' dir='ltr'>servos3</span> <span class='ocrx_word' id='word_1_29' title='bbox 1017 528 1201 584; x_wconf 91' lang='lat' dir='ltr'>modo</span> <span class='ocrx_word' id='word_1_30' title='bbox 1229 543 1407 600; x_wconf 89' lang='lat' dir='ltr'>reges</span> <span class='ocrx_word' id='word_1_31' title='bbox 1438 539 1620 599; x_wconf 87' lang='lat' dir='ltr'>atque</span> <span class='ocrx_word' id='word_1_32' title='bbox 1651 524 2004 594; x_wconf 82' lang='lat' dir='ltr'>tetrarchaS,</span> 
     </span>
     <span class='ocr_line' id='line_1_6' title="bbox 264 605 2046 682; baseline -0.003 -15"><span class='ocrx_word' id='word_1_33' title='bbox 264 608 490 667; x_wconf 88' lang='lat' dir='ltr'>Omnia</span> <span class='ocrx_word' id='word_1_34' title='bbox 512 626 737 682; x_wconf 88' lang='lat' dir='ltr'>magna</span> <span class='ocrx_word' id='word_1_35' title='bbox 757 608 1030 682; x_wconf 59' lang='lat' dir='ltr'>loquens</span> <span class='ocrx_word' id='word_1_36' title='bbox 1056 607 1256 677; x_wconf 90' lang='lat' dir='ltr'>mod0,</span> <span class='ocrx_word' id='word_1_37' title='bbox 1285 612 1316 635; x_wconf 90' lang='lat'><strong>“</strong></span> <span class='ocrx_word' id='word_1_38' title='bbox 1339 606 1434 663; x_wconf 78' lang='lat' dir='ltr'>Sit</span> <span class='ocrx_word' id='word_1_39' title='bbox 1455 605 1605 662; x_wconf 90' lang='lat' dir='ltr'>mihi</span> <span class='ocrx_word' id='word_1_40' title='bbox 1629 623 1843 662; x_wconf 87' lang='lat' dir='ltr'>mensa</span> <span class='ocrx_word' id='word_1_41' title='bbox 1863 605 2046 680; x_wconf 79' lang='lat' dir='ltr'>tripes</span> 
     </span>
     <span class='ocr_line' id='line_1_7' title="bbox 265 685 1917 763; baseline -0.003 -17"><span class='ocrx_word' id='word_1_42' title='bbox 265 688 516 748; x_wconf 80' lang='lat' dir='ltr'>Concha</span> <span class='ocrx_word' id='word_1_43' title='bbox 545 687 695 745; x_wconf 88' lang='lat' dir='ltr'>salis</span> <span class='ocrx_word' id='word_1_44' title='bbox 723 688 856 763; x_wconf 90' lang='lat' dir='ltr'>puri</span> <span class='ocrx_word' id='word_1_45' title='bbox 886 693 947 744; x_wconf 87' lang='lat' dir='ltr'>et</span> <span class='ocrx_word' id='word_1_46' title='bbox 976 692 1141 761; x_wconf 85' lang='lat' dir='ltr'>toga,</span> <span class='ocrx_word' id='word_1_47' title='bbox 1172 704 1326 762; x_wconf 86' lang='lat' dir='ltr'>quae</span> <span class='ocrx_word' id='word_1_48' title='bbox 1355 686 1673 743; x_wconf 83' lang='lat' dir='ltr'>defendere</span> <span class='ocrx_word' id='word_1_49' title='bbox 1702 685 1917 759; x_wconf 88' lang='lat' dir='ltr'>frigus,</span> 
     </span>
     <span class='ocr_line' id='line_1_8' title="bbox 265 766 2124 843; baseline -0.001 -19"><span class='ocrx_word' id='word_1_50' title='bbox 265 768 564 843; x_wconf 81' lang='lat' dir='ltr'>Quamvis</span> <span class='ocrx_word' id='word_1_51' title='bbox 595 785 818 838; x_wconf 87' lang='lat' dir='ltr'>crassa,</span> <span class='ocrx_word' id='word_1_52' title='bbox 851 769 1094 842; x_wconf 90' lang='lat' dir='ltr'>queat.’&#39;</span> <span class='ocrx_word' id='word_1_53' title='bbox 1179 766 1399 824; x_wconf 84' lang='lat' dir='ltr'>Decies</span> <span class='ocrx_word' id='word_1_54' title='bbox 1428 772 1681 823; x_wconf 88' lang='lat' dir='ltr'>centena</span> <span class='ocrx_word' id='word_1_55' title='bbox 1709 766 1983 823; x_wconf 86' lang='lat' dir='ltr'>dedisses</span> <span class='ocrx_word' id='word_1_56' title='bbox 2063 769 2124 823; x_wconf 85' lang='lat'>15</span> 
     </span>
     <span class='ocr_line' id='line_1_9' title="bbox 266 846 1779 922; baseline -0.003 -17"><span class='ocrx_word' id='word_1_57' title='bbox 266 849 429 905; x_wconf 86' lang='lat' dir='ltr'>Huic</span> <span class='ocrx_word' id='word_1_58' title='bbox 462 865 663 922; x_wconf 69' lang='lat' dir='ltr'>parm,</span> <span class='ocrx_word' id='word_1_59' title='bbox 695 848 908 921; x_wconf 85' lang='lat' dir='ltr'>paucis</span> <span class='ocrx_word' id='word_1_60' title='bbox 938 852 1243 917; x_wconf 80' lang='lat' dir='ltr'>contente,</span> <span class='ocrx_word' id='word_1_61' title='bbox 1269 846 1534 922; x_wconf 88' lang='lat' dir='ltr'>quinque</span> <span class='ocrx_word' id='word_1_62' title='bbox 1565 846 1779 902; x_wconf 90' lang='lat' dir='ltr'>diebus</span> 
     </span>
    </p>

    <p class='ocr_par' dir='ltr' id='par_1_5' title="bbox 267 926 1874 1002">
     <span class='ocr_line' id='line_1_10' title="bbox 267 926 1874 1002; baseline -0.001 -18"><span class='ocrx_word' id='word_1_63' title='bbox 267 928 370 985; x_wconf 79' lang='lat' dir='ltr'>Nil</span> <span class='ocrx_word' id='word_1_64' title='bbox 400 934 532 984; x_wconf 83' lang='lat' dir='ltr'>erat</span> <span class='ocrx_word' id='word_1_65' title='bbox 558 928 621 984; x_wconf 90' lang='lat' dir='ltr'>in</span> <span class='ocrx_word' id='word_1_66' title='bbox 651 927 881 984; x_wconf 84' lang='lat' dir='ltr'>loculis,</span> <span class='ocrx_word' id='word_1_67' title='bbox 972 926 1205 984; x_wconf 86' lang='lat' dir='ltr'>Noctes</span> <span class='ocrx_word' id='word_1_68' title='bbox 1237 926 1643 1001; x_wconf 76' lang='lat' dir='ltr'>vigilabatad</span> <span class='ocrx_word' id='word_1_69' title='bbox 1671 926 1874 1002; x_wconf 90' lang='lat' dir='ltr'>ipsum</span> 
     </span>
    </p>

    <p class='ocr_par' dir='ltr' id='par_1_6' title="bbox 267 1006 1897 1081">
     <span class='ocr_line' id='line_1_11' title="bbox 267 1006 1897 1081; baseline -0.001 -17"><span class='ocrx_word' id='word_1_70' title='bbox 267 1008 467 1075; x_wconf 86' lang='lat' dir='ltr'>Mane,</span> <span class='ocrx_word' id='word_1_71' title='bbox 500 1008 661 1064; x_wconf 91' lang='lat' dir='ltr'>diem</span> <span class='ocrx_word' id='word_1_72' title='bbox 691 1012 892 1064; x_wconf 92' lang='lat' dir='ltr'>totum</span> <span class='ocrx_word' id='word_1_73' title='bbox 924 1007 1234 1064; x_wconf 78' lang='lat' dir='ltr'>stertebat.</span> <span class='ocrx_word' id='word_1_74' title='bbox 1325 1006 1429 1063; x_wconf 92' lang='lat' dir='ltr'>Nil</span> <span class='ocrx_word' id='word_1_75' title='bbox 1461 1007 1579 1063; x_wconf 88' lang='lat' dir='ltr'>fuit</span> <span class='ocrx_word' id='word_1_76' title='bbox 1606 1023 1897 1081; x_wconf 87' lang='lat' dir='ltr'>umquam</span> 
     </span>
    </p>

    <p class='ocr_par' dir='ltr' id='par_1_7' title="bbox 267 1082 2131 1706">
     <span class='ocr_line' id='line_1_12' title="bbox 269 1082 2104 1163; baseline -0.003 -17"><span class='ocrx_word' id='word_1_77' title='bbox 269 1087 370 1146; x_wconf 85' lang='lat' dir='ltr'>Sic</span> <span class='ocrx_word' id='word_1_78' title='bbox 399 1088 592 1163; x_wconf 88' lang='lat' dir='ltr'>impar</span> <span class='ocrx_word' id='word_1_79' title='bbox 624 1086 757 1144; x_wconf 89' lang='lat' dir='ltr'>sibi.</span> <span class='ocrx_word' id='word_1_80' title='bbox 781 1119 857 1126; x_wconf 91' lang='lat'>—</span> <span class='ocrx_word' id='word_1_81' title='bbox 878 1087 1058 1144; x_wconf 82' lang='lat' dir='ltr'>Nunc</span> <span class='ocrx_word' id='word_1_82' title='bbox 1090 1087 1313 1162; x_wconf 89' lang='lat' dir='ltr'>aliquis</span> <span class='ocrx_word' id='word_1_83' title='bbox 1346 1087 1509 1144; x_wconf 85' lang='lat' dir='ltr'>dicat</span> <span class='ocrx_word' id='word_1_84' title='bbox 1537 1086 1722 1144; x_wconf 87' lang='lat' dir='ltr'>mihi:</span> <span class='ocrx_word' id='word_1_85' title='bbox 1756 1091 1790 1115; x_wconf 89' lang='lat'>“</span> <span class='ocrx_word' id='word_1_86' title='bbox 1812 1086 1973 1158; x_wconf 81' lang='lat' dir='ltr'>Quid</span> <span class='ocrx_word' id='word_1_87' title='bbox 1999 1082 2104 1141; x_wconf 75' lang='lat' dir='ltr'>tu?</span> 
     </span>
     <span class='ocr_line' id='line_1_13' title="bbox 267 1161 2131 1225; baseline -0.002 -1"><span class='ocrx_word' id='word_1_88' title='bbox 267 1168 530 1225; x_wconf 79' lang='lat' dir='ltr'>Nullane</span> <span class='ocrx_word' id='word_1_89' title='bbox 553 1167 743 1224; x_wconf 90' lang='lat' dir='ltr'>habes</span> <span class='ocrx_word' id='word_1_90' title='bbox 763 1165 961 1224; x_wconf 83' lang='lat' dir='ltr'>vitia?</span> <span class='ocrx_word' id='word_1_91' title='bbox 990 1169 1023 1199; x_wconf 92' lang='lat'>&#39;&#39;</span> <span class='ocrx_word' id='word_1_92' title='bbox 1067 1165 1266 1223; x_wconf 90' lang='lat' dir='ltr'>Immo</span> <span class='ocrx_word' id='word_1_93' title='bbox 1289 1167 1412 1223; x_wconf 88' lang='lat' dir='ltr'>alia</span> <span class='ocrx_word' id='word_1_94' title='bbox 1430 1174 1491 1223; x_wconf 91' lang='lat' dir='ltr'>et</span> <span class='ocrx_word' id='word_1_95' title='bbox 1511 1166 1769 1223; x_wconf 88' lang='lat' dir='ltr'>fortasse</span> <span class='ocrx_word' id='word_1_96' title='bbox 1787 1167 2036 1222; x_wconf 88' lang='lat' dir='ltr'>minora.</span> <span class='ocrx_word' id='word_1_97' title='bbox 2067 1161 2131 1217; x_wconf 80' lang='lat'>20</span> 
     </span>
     <span class='ocr_line' id='line_1_14' title="bbox 267 1246 2096 1323; baseline -0.002 -19"><span class='ocrx_word' id='word_1_98' title='bbox 267 1247 547 1305; x_wconf 89' lang='lat' dir='ltr'>Maenius</span> <span class='ocrx_word' id='word_1_99' title='bbox 580 1248 890 1304; x_wconf 85' lang='lat' dir='ltr'>absentem</span> <span class='ocrx_word' id='word_1_100' title='bbox 924 1246 1197 1304; x_wconf 88' lang='lat' dir='ltr'>Novium</span> <span class='ocrx_word' id='word_1_101' title='bbox 1228 1264 1363 1303; x_wconf 88' lang='lat' dir='ltr'>cum</span> <span class='ocrx_word' id='word_1_102' title='bbox 1395 1252 1682 1323; x_wconf 88' lang='lat' dir='ltr'>carperet,</span> <span class='ocrx_word' id='word_1_103' title='bbox 1716 1246 1950 1302; x_wconf 89' lang='lat' dir='ltr'>“Heus</span> <span class='ocrx_word' id='word_1_104' title='bbox 1978 1247 2096 1314; x_wconf 88' lang='lat' dir='ltr'>tu,&#39;’</span> 
     </span>
     <span class='ocr_line' id='line_1_15' title="bbox 271 1325 2059 1401; baseline -0.001 -17"><span class='ocrx_word' id='word_1_105' title='bbox 271 1328 535 1401; x_wconf 80' lang='lat' dir='ltr'>Quidam</span> <span class='ocrx_word' id='word_1_106' title='bbox 568 1328 668 1397; x_wconf 90' lang='lat' dir='ltr'>ait,</span> <span class='ocrx_word' id='word_1_107' title='bbox 703 1327 1008 1401; x_wconf 89' lang='lat' dir='ltr'>“ignoras</span> <span class='ocrx_word' id='word_1_108' title='bbox 1038 1325 1143 1384; x_wconf 85' lang='lat' dir='ltr'>te?</span> <span class='ocrx_word' id='word_1_109' title='bbox 1192 1345 1271 1383; x_wconf 91' lang='lat' dir='ltr'>an</span> <span class='ocrx_word' id='word_1_110' title='bbox 1304 1334 1372 1383; x_wconf 93' lang='lat' dir='ltr'>ut</span> <span class='ocrx_word' id='word_1_111' title='bbox 1402 1327 1679 1401; x_wconf 88' lang='lat' dir='ltr'>ignotum</span> <span class='ocrx_word' id='word_1_112' title='bbox 1711 1326 1855 1384; x_wconf 87' lang='lat' dir='ltr'>dare</span> <span class='ocrx_word' id='word_1_113' title='bbox 1889 1326 2059 1383; x_wconf 91' lang='lat' dir='ltr'>nobis</span> 
     </span>
     <span class='ocr_line' id='line_1_16' title="bbox 269 1405 2129 1482; baseline -0.002 -17"><span class='ocrx_word' id='word_1_114' title='bbox 269 1408 477 1465; x_wconf 85' lang='lat' dir='ltr'>Verba</span> <span class='ocrx_word' id='word_1_115' title='bbox 499 1405 725 1482; x_wconf 85' lang='lat' dir='ltr'>putas?</span> <span class='ocrx_word' id='word_1_116' title='bbox 749 1409 782 1440; x_wconf 89' lang='lat'>&#39;&#39;</span> <span class='ocrx_word' id='word_1_117' title='bbox 835 1413 867 1436; x_wconf 81' lang='lat'>‘⁴</span> <span class='ocrx_word' id='word_1_118' title='bbox 887 1407 1151 1481; x_wconf 84' lang='lat' dir='ltr'>Egomet</span> <span class='ocrx_word' id='word_1_119' title='bbox 1176 1407 1259 1463; x_wconf 88' lang='lat' dir='ltr'>mi</span> <span class='ocrx_word' id='word_1_120' title='bbox 1285 1407 1595 1482; x_wconf 87' lang='lat' dir='ltr'>ignosc0,&#39;&#39;</span> <span class='ocrx_word' id='word_1_121' title='bbox 1618 1406 1905 1465; x_wconf 89' lang='lat' dir='ltr'>Maenius</span> <span class='ocrx_word' id='word_1_122' title='bbox 1928 1407 2129 1481; x_wconf 86' lang='lat' dir='ltr'>inquit.</span> 
     </span>
     <span class='ocr_line' id='line_1_17' title="bbox 271 1487 2044 1563; baseline -0.001 -18"><span class='ocrx_word' id='word_1_123' title='bbox 271 1487 509 1545; x_wconf 83' lang='lat' dir='ltr'>Stultus</span> <span class='ocrx_word' id='word_1_124' title='bbox 539 1495 602 1543; x_wconf 90' lang='lat' dir='ltr'>et</span> <span class='ocrx_word' id='word_1_125' title='bbox 629 1487 946 1561; x_wconf 88' lang='lat' dir='ltr'>improbus</span> <span class='ocrx_word' id='word_1_126' title='bbox 979 1487 1077 1544; x_wconf 88' lang='lat' dir='ltr'>hic</span> <span class='ocrx_word' id='word_1_127' title='bbox 1110 1505 1278 1544; x_wconf 90' lang='lat' dir='ltr'>amor</span> <span class='ocrx_word' id='word_1_128' title='bbox 1311 1494 1422 1557; x_wconf 90' lang='lat' dir='ltr'>est,</span> <span class='ocrx_word' id='word_1_129' title='bbox 1457 1488 1798 1563; x_wconf 88' lang='lat' dir='ltr'>dignusque</span> <span class='ocrx_word' id='word_1_130' title='bbox 1830 1487 2044 1544; x_wconf 88' lang='lat' dir='ltr'>notari.</span> 
     </span>
     <span class='ocr_line' id='line_1_18' title="bbox 272 1566 2129 1643; baseline -0.002 -18"><span class='ocrx_word' id='word_1_131' title='bbox 272 1567 428 1626; x_wconf 84' lang='lat' dir='ltr'>Cum</span> <span class='ocrx_word' id='word_1_132' title='bbox 457 1566 565 1624; x_wconf 84' lang='lat' dir='ltr'>tua</span> <span class='ocrx_word' id='word_1_133' title='bbox 595 1567 917 1642; x_wconf 86' lang='lat' dir='ltr'>pervideas</span> <span class='ocrx_word' id='word_1_134' title='bbox 951 1567 1142 1624; x_wconf 88' lang='lat' dir='ltr'>oculis</span> <span class='ocrx_word' id='word_1_135' title='bbox 1174 1567 1340 1623; x_wconf 88' lang='lat' dir='ltr'>mala</span> <span class='ocrx_word' id='word_1_136' title='bbox 1370 1568 1571 1643; x_wconf 90' lang='lat' dir='ltr'>lippus</span> <span class='ocrx_word' id='word_1_137' title='bbox 1601 1568 1883 1637; x_wconf 82' lang='lat' dir='ltr'>inunctiS,</span> <span class='ocrx_word' id='word_1_138' title='bbox 2064 1568 2129 1622; x_wconf 83' lang='lat'>25</span> 
     </span>
     <span class='ocr_line' id='line_1_19' title="bbox 273 1647 1719 1706; baseline -0.001 0"><span class='ocrx_word' id='word_1_139' title='bbox 273 1647 398 1706; x_wconf 85' lang='lat' dir='ltr'>Cur</span> <span class='ocrx_word' id='word_1_140' title='bbox 426 1647 489 1703; x_wconf 88' lang='lat' dir='ltr'>in</span> <span class='ocrx_word' id='word_1_141' title='bbox 518 1648 848 1704; x_wconf 89' lang='lat' dir='ltr'>amicorum</span> <span class='ocrx_word' id='word_1_142' title='bbox 878 1647 1051 1704; x_wconf 86' lang='lat' dir='ltr'>vitiis</span> <span class='ocrx_word' id='word_1_143' title='bbox 1083 1654 1210 1704; x_wconf 89' lang='lat' dir='ltr'>tam</span> <span class='ocrx_word' id='word_1_144' title='bbox 1247 1649 1442 1705; x_wconf 87' lang='lat' dir='ltr'>cernis</span> <span class='ocrx_word' id='word_1_145' title='bbox 1475 1654 1719 1705; x_wconf 87' lang='lat' dir='ltr'>acutum</span> 
     </span>
    </p>

    <p class='ocr_par' dir='ltr' id='par_1_8' title="bbox 273 1710 2221 1882">
     <span class='ocr_line' id='line_1_20' title="bbox 273 1710 2221 1802; baseline 0.001 -19"><span class='ocrx_word' id='word_1_146' title='bbox 273 1728 467 1800; x_wconf 76' lang='lat' dir='ltr'>Quam</span> <span class='ocrx_word' id='word_1_147' title='bbox 492 1734 598 1783; x_wconf 88' lang='lat' dir='ltr'>aut</span> <span class='ocrx_word' id='word_1_148' title='bbox 618 1727 823 1800; x_wconf 86' lang='lat' dir='ltr'>aquila</span> <span class='ocrx_word' id='word_1_149' title='bbox 842 1733 949 1783; x_wconf 88' lang='lat' dir='ltr'>aut</span> <span class='ocrx_word' id='word_1_150' title='bbox 969 1745 1222 1801; x_wconf 87' lang='lat' dir='ltr'>serpens</span> <span class='ocrx_word' id='word_1_151' title='bbox 1248 1726 1664 1802; x_wconf 83' lang='lat' dir='ltr'>Epidaurius?</span> <span class='ocrx_word' id='word_1_152' title='bbox 1696 1729 1786 1786; x_wconf 87' lang='lat' dir='ltr'>At</span> <span class='ocrx_word' id='word_1_153' title='bbox 1805 1728 1918 1785; x_wconf 91' lang='lat' dir='ltr'>tibi</span> <span class='ocrx_word' id='word_1_154' title='bbox 1937 1733 2134 1785; x_wconf 83' lang='lat' dir='ltr'>contra</span> <span class='ocrx_word' id='word_1_155' title='bbox 2176 1710 2221 1795; x_wconf 60' lang='lat' dir='ltr'><em>s</em></span> 
     </span>
     <span class='ocr_line' id='line_1_21' title="bbox 274 1807 1742 1882; baseline 0.002 -19"><span class='ocrx_word' id='word_1_156' title='bbox 274 1807 513 1873; x_wconf 83' lang='lat' dir='ltr'>Evenit,</span> <span class='ocrx_word' id='word_1_157' title='bbox 545 1807 858 1882; x_wconf 83' lang='lat' dir='ltr'>inquirant</span> <span class='ocrx_word' id='word_1_158' title='bbox 891 1807 1040 1864; x_wconf 84' lang='lat' dir='ltr'>vitia</span> <span class='ocrx_word' id='word_1_159' title='bbox 1070 1813 1137 1864; x_wconf 91' lang='lat' dir='ltr'>ut</span> <span class='ocrx_word' id='word_1_160' title='bbox 1167 1814 1276 1865; x_wconf 89' lang='lat' dir='ltr'>tua</span> <span class='ocrx_word' id='word_1_161' title='bbox 1311 1825 1520 1866; x_wconf 88' lang='lat' dir='ltr'>rursus</span> <span class='ocrx_word' id='word_1_162' title='bbox 1549 1816 1611 1866; x_wconf 89' lang='lat' dir='ltr'>et</span> <span class='ocrx_word' id='word_1_163' title='bbox 1639 1809 1742 1867; x_wconf 84' lang='lat' dir='ltr'>illi.</span> 
     </span>
    </p>

    <p class='ocr_par' dir='ltr' id='par_1_9' title="bbox 273 1886 1660 1962">
     <span class='ocr_line' id='line_1_22' title="bbox 273 1886 1660 1962; baseline 0.001 -18"><span class='ocrx_word' id='word_1_164' title='bbox 273 1887 629 1944; x_wconf 87' lang='lat' dir='ltr'>Iracundior</span> <span class='ocrx_word' id='word_1_165' title='bbox 655 1893 749 1944; x_wconf 90' lang='lat' dir='ltr'>est</span> <span class='ocrx_word' id='word_1_166' title='bbox 778 1886 980 1961; x_wconf 88' lang='lat' dir='ltr'>pau10,</span> <span class='ocrx_word' id='word_1_167' title='bbox 1015 1887 1220 1945; x_wconf 90' lang='lat' dir='ltr'>minus</span> <span class='ocrx_word' id='word_1_168' title='bbox 1257 1895 1437 1962; x_wconf 88' lang='lat' dir='ltr'>aptus</span> <span class='ocrx_word' id='word_1_169' title='bbox 1467 1891 1660 1946; x_wconf 88' lang='lat' dir='ltr'>acutis</span> 
     </span>
    </p>

    <p class='ocr_par' dir='ltr' id='par_1_10' title="bbox 274 1967 2133 2120">
     <span class='ocr_line' id='line_1_23' title="bbox 274 1967 2133 2046; baseline 0.002 -22"><span class='ocrx_word' id='word_1_170' title='bbox 274 1967 545 2024; x_wconf 84' lang='lat' dir='ltr'>Naribus</span> <span class='ocrx_word' id='word_1_171' title='bbox 577 1967 793 2024; x_wconf 91' lang='lat' dir='ltr'>horum</span> <span class='ocrx_word' id='word_1_172' title='bbox 823 1967 1141 2023; x_wconf 90' lang='lat' dir='ltr'>hominum</span> <span class='ocrx_word' id='word_1_173' title='bbox 1167 1988 1182 2040; x_wconf 88' lang='lat'>;</span> <span class='ocrx_word' id='word_1_174' title='bbox 1229 1967 1408 2025; x_wconf 89' lang='lat' dir='ltr'>rideri</span> <span class='ocrx_word' id='word_1_175' title='bbox 1443 1970 1635 2045; x_wconf 85' lang='lat' dir='ltr'>possit</span> <span class='ocrx_word' id='word_1_176' title='bbox 1664 1987 1754 2040; x_wconf 91' lang='lat' dir='ltr'>e0,</span> <span class='ocrx_word' id='word_1_177' title='bbox 1785 1970 1946 2046; x_wconf 90' lang='lat' dir='ltr'>quod</span> <span class='ocrx_word' id='word_1_178' title='bbox 2066 1972 2133 2035; x_wconf 84' lang='lat'>30</span> 
     </span>
     <span class='ocr_line' id='line_1_24' title="bbox 274 2046 1723 2120; baseline 0.001 -16"><span class='ocrx_word' id='word_1_179' title='bbox 274 2046 590 2104; x_wconf 86' lang='lat' dir='ltr'>Rusticius</span> <span class='ocrx_word' id='word_1_180' title='bbox 618 2053 795 2104; x_wconf 90' lang='lat' dir='ltr'>tonso</span> <span class='ocrx_word' id='word_1_181' title='bbox 826 2053 974 2120; x_wconf 85' lang='lat' dir='ltr'>toga</span> <span class='ocrx_word' id='word_1_182' title='bbox 1005 2046 1232 2117; x_wconf 85' lang='lat' dir='ltr'>defluit,</span> <span class='ocrx_word' id='word_1_183' title='bbox 1269 2054 1330 2105; x_wconf 91' lang='lat' dir='ltr'>et</span> <span class='ocrx_word' id='word_1_184' title='bbox 1361 2049 1516 2105; x_wconf 88' lang='lat' dir='ltr'>male</span> <span class='ocrx_word' id='word_1_185' title='bbox 1547 2050 1723 2106; x_wconf 83' lang='lat' dir='ltr'>laxus</span> 
     </span>
    </p>

    <p class='ocr_par' dir='ltr' id='par_1_11' title="bbox 276 2127 2021 2202">
     <span class='ocr_line' id='line_1_25' title="bbox 276 2127 2021 2202; baseline 0.001 -19"><span class='ocrx_word' id='word_1_186' title='bbox 276 2127 349 2183; x_wconf 88' lang='lat' dir='ltr'>ln</span> <span class='ocrx_word' id='word_1_187' title='bbox 377 2127 526 2202; x_wconf 91' lang='lat' dir='ltr'>pede</span> <span class='ocrx_word' id='word_1_188' title='bbox 557 2127 794 2184; x_wconf 89' lang='lat' dir='ltr'>calceus</span> <span class='ocrx_word' id='word_1_189' title='bbox 827 2127 1071 2185; x_wconf 89' lang='lat' dir='ltr'>haeret:</span> <span class='ocrx_word' id='word_1_190' title='bbox 1123 2134 1187 2184; x_wconf 89' lang='lat' dir='ltr'>at</span> <span class='ocrx_word' id='word_1_191' title='bbox 1220 2135 1315 2186; x_wconf 90' lang='lat' dir='ltr'>est</span> <span class='ocrx_word' id='word_1_192' title='bbox 1346 2129 1557 2199; x_wconf 59' lang='lat' dir='ltr'>bonus</span> <span class='ocrx_word' id='word_1_193' title='bbox 1590 2139 1657 2186; x_wconf 89' lang='lat' dir='ltr'>ut</span> <span class='ocrx_word' id='word_1_194' title='bbox 1687 2131 1900 2188; x_wconf 87' lang='lat' dir='ltr'>melior</span> <span class='ocrx_word' id='word_1_195' title='bbox 1930 2130 2021 2185; x_wconf 88' lang='lat' dir='ltr'>vir</span> 
     </span>
    </p>

    <p class='ocr_par' dir='ltr' id='par_1_12' title="bbox 275 2206 2137 2606">
     <span class='ocr_line' id='line_1_26' title="bbox 275 2206 2136 2286; baseline 0.001 -22"><span class='ocrx_word' id='word_1_196' title='bbox 275 2206 334 2264; x_wconf 94' lang='lat' dir='ltr'>N</span> <span class='ocrx_word' id='word_1_197' title='bbox 340 2225 417 2263; x_wconf 91' lang='lat' dir='ltr'>on</span> <span class='ocrx_word' id='word_1_198' title='bbox 447 2206 603 2263; x_wconf 91' lang='lat' dir='ltr'>alius</span> <span class='ocrx_word' id='word_1_199' title='bbox 633 2207 970 2281; x_wconf 85' lang='lat' dir='ltr'>quisquam,</span> <span class='ocrx_word' id='word_1_200' title='bbox 1008 2215 1069 2265; x_wconf 89' lang='lat' dir='ltr'>at</span> <span class='ocrx_word' id='word_1_201' title='bbox 1093 2207 1205 2264; x_wconf 91' lang='lat' dir='ltr'>tibi</span> <span class='ocrx_word' id='word_1_202' title='bbox 1240 2210 1487 2281; x_wconf 87' lang='lat' dir='ltr'>amicus,</span> <span class='ocrx_word' id='word_1_203' title='bbox 1515 2216 1580 2267; x_wconf 87' lang='lat' dir='ltr'>at</span> <span class='ocrx_word' id='word_1_204' title='bbox 1601 2211 1911 2285; x_wconf 87' lang='lat' dir='ltr'>ingenium</span> <span class='ocrx_word' id='word_1_205' title='bbox 1932 2213 2136 2286; x_wconf 85' lang='lat' dir='ltr'>ingens</span> 
     </span>
     <span class='ocr_line' id='line_1_27' title="bbox 276 2286 1962 2368; baseline 0.002 -24"><span class='ocrx_word' id='word_1_206' title='bbox 276 2286 514 2345; x_wconf 85' lang='lat' dir='ltr'>Inculto</span> <span class='ocrx_word' id='word_1_207' title='bbox 544 2287 694 2343; x_wconf 88' lang='lat' dir='ltr'>latet</span> <span class='ocrx_word' id='word_1_208' title='bbox 725 2287 837 2344; x_wconf 88' lang='lat' dir='ltr'>hoc</span> <span class='ocrx_word' id='word_1_209' title='bbox 868 2288 982 2344; x_wconf 89' lang='lat' dir='ltr'>sub</span> <span class='ocrx_word' id='word_1_210' title='bbox 1019 2306 1278 2364; x_wconf 88' lang='lat' dir='ltr'>corpore.</span> <span class='ocrx_word' id='word_1_211' title='bbox 1369 2290 1647 2367; x_wconf 87' lang='lat' dir='ltr'>Denique</span> <span class='ocrx_word' id='word_1_212' title='bbox 1677 2297 1737 2349; x_wconf 88' lang='lat' dir='ltr'>te</span> <span class='ocrx_word' id='word_1_213' title='bbox 1769 2293 1962 2368; x_wconf 89' lang='lat' dir='ltr'>ipsum</span> 
     </span>
     <span class='ocr_line' id='line_1_28' title="bbox 280 2367 2137 2441; baseline 0.003 -18"><span class='ocrx_word' id='word_1_214' title='bbox 280 2367 566 2435; x_wconf 87' lang='lat' dir='ltr'>Concute,</span> <span class='ocrx_word' id='word_1_215' title='bbox 601 2384 743 2425; x_wconf 88' lang='lat' dir='ltr'>num</span> <span class='ocrx_word' id='word_1_216' title='bbox 778 2386 899 2441; x_wconf 87' lang='lat' dir='ltr'>qua</span> <span class='ocrx_word' id='word_1_217' title='bbox 931 2368 1041 2425; x_wconf 89' lang='lat' dir='ltr'>tibi</span> <span class='ocrx_word' id='word_1_218' title='bbox 1075 2368 1368 2426; x_wconf 88' lang='lat' dir='ltr'>vitiorum</span> <span class='ocrx_word' id='word_1_219' title='bbox 1400 2372 1689 2428; x_wconf 86' lang='lat' dir='ltr'>inseverit</span> <span class='ocrx_word' id='word_1_220' title='bbox 1720 2372 1862 2429; x_wconf 89' lang='lat' dir='ltr'>olim</span> <span class='ocrx_word' id='word_1_221' title='bbox 2073 2381 2137 2435; x_wconf 79' lang='lat'>35</span> 
     </span>
     <span class='ocr_line' id='line_1_29' title="bbox 280 2446 1835 2527; baseline 0.003 -24"><span class='ocrx_word' id='word_1_222' title='bbox 280 2446 537 2513; x_wconf 89' lang='lat' dir='ltr'>Natura,</span> <span class='ocrx_word' id='word_1_223' title='bbox 570 2452 673 2502; x_wconf 87' lang='lat' dir='ltr'>aut</span> <span class='ocrx_word' id='word_1_224' title='bbox 703 2447 889 2503; x_wconf 87' lang='lat' dir='ltr'>etiam</span> <span class='ocrx_word' id='word_1_225' title='bbox 925 2449 1301 2505; x_wconf 86' lang='lat' dir='ltr'>consuetudo</span> <span class='ocrx_word' id='word_1_226' title='bbox 1333 2451 1529 2524; x_wconf 81' lang='lat' dir='ltr'>mala3</span> <span class='ocrx_word' id='word_1_227' title='bbox 1573 2469 1835 2527; x_wconf 87' lang='lat' dir='ltr'>namque</span> 
     </span>
     <span class='ocr_line' id='line_1_30' title="bbox 279 2525 1590 2606; baseline 0.005 -24"><span class='ocrx_word' id='word_1_228' title='bbox 279 2525 591 2601; x_wconf 87' lang='lat' dir='ltr'>Neglectis</span> <span class='ocrx_word' id='word_1_229' title='bbox 623 2527 852 2584; x_wconf 88' lang='lat' dir='ltr'>urenda</span> <span class='ocrx_word' id='word_1_230' title='bbox 886 2526 1010 2585; x_wconf 80' lang='lat' dir='ltr'>filix</span> <span class='ocrx_word' id='word_1_231' title='bbox 1043 2528 1383 2587; x_wconf 88' lang='lat' dir='ltr'>innascitur</span> <span class='ocrx_word' id='word_1_232' title='bbox 1413 2532 1590 2606; x_wconf 74' lang='lat' dir='ltr'>agris</span> 
     </span>
    </p>
   </div>
   <div class='ocr_carea' id='block_1_3' title="bbox 280 2685 2141 3244">
    <p class='ocr_par' dir='ltr' id='par_1_13' title="bbox 280 2685 2141 3244">
     <span class='ocr_line' id='line_1_31' title="bbox 360 2685 1870 2767; baseline 0.006 -26"><span class='ocrx_word' id='word_1_233' title='bbox 360 2685 513 2742; x_wconf 86' lang='lat' dir='ltr'>Illuc</span> <span class='ocrx_word' id='word_1_234' title='bbox 542 2692 1036 2760; x_wconf 85' lang='lat' dir='ltr'>praevertamur:</span> <span class='ocrx_word' id='word_1_235' title='bbox 1085 2696 1420 2747; x_wconf 85' lang='lat' dir='ltr'>amatorem</span> <span class='ocrx_word' id='word_1_236' title='bbox 1452 2692 1612 2767; x_wconf 90' lang='lat' dir='ltr'>quod</span> <span class='ocrx_word' id='word_1_237' title='bbox 1643 2691 1870 2750; x_wconf 85' lang='lat' dir='ltr'>amicae</span> 
     </span>
     <span class='ocr_line' id='line_1_32' title="bbox 281 2765 2014 2848; baseline 0.004 -25"><span class='ocrx_word' id='word_1_238' title='bbox 281 2765 506 2840; x_wconf 86' lang='lat' dir='ltr'>Turpia</span> <span class='ocrx_word' id='word_1_239' title='bbox 535 2765 841 2839; x_wconf 87' lang='lat' dir='ltr'>decipiunt</span> <span class='ocrx_word' id='word_1_240' title='bbox 872 2785 1116 2825; x_wconf 88' lang='lat' dir='ltr'>caecum</span> <span class='ocrx_word' id='word_1_241' title='bbox 1151 2770 1319 2841; x_wconf 86' lang='lat' dir='ltr'>vitia,</span> <span class='ocrx_word' id='word_1_242' title='bbox 1353 2777 1460 2828; x_wconf 85' lang='lat' dir='ltr'>aut</span> <span class='ocrx_word' id='word_1_243' title='bbox 1488 2773 1675 2829; x_wconf 87' lang='lat' dir='ltr'>etiam</span> <span class='ocrx_word' id='word_1_244' title='bbox 1704 2773 1840 2848; x_wconf 87' lang='lat' dir='ltr'>ipsa</span> <span class='ocrx_word' id='word_1_245' title='bbox 1869 2772 2014 2830; x_wconf 88' lang='lat' dir='ltr'>haec</span> 
     </span>
     <span class='ocr_line' id='line_1_33' title="bbox 280 2845 2141 2927; baseline 0.005 -25"><span class='ocrx_word' id='word_1_246' title='bbox 280 2845 616 2913; x_wconf 85' lang='lat' dir='ltr'>Delectant,</span> <span class='ocrx_word' id='word_1_247' title='bbox 652 2845 839 2903; x_wconf 90' lang='lat' dir='ltr'>veluti</span> <span class='ocrx_word' id='word_1_248' title='bbox 872 2847 1203 2905; x_wconf 89' lang='lat' dir='ltr'>Balbinum</span> <span class='ocrx_word' id='word_1_249' title='bbox 1236 2850 1498 2926; x_wconf 82' lang='lat' dir='ltr'>polypus</span> <span class='ocrx_word' id='word_1_250' title='bbox 1532 2852 1828 2927; x_wconf 84' lang='lat' dir='ltr'>Hagnae:</span> <span class='ocrx_word' id='word_1_251' title='bbox 2076 2858 2141 2911; x_wconf 88' lang='grc'>40</span> 
     </span>
     <span class='ocr_line' id='line_1_34' title="bbox 281 2925 1637 3001; baseline 0.006 -20"><span class='ocrx_word' id='word_1_252' title='bbox 281 2925 518 2982; x_wconf 88' lang='lat' dir='ltr'>Vellem</span> <span class='ocrx_word' id='word_1_253' title='bbox 550 2925 612 2980; x_wconf 91' lang='lat' dir='ltr'>in</span> <span class='ocrx_word' id='word_1_254' title='bbox 644 2925 914 2983; x_wconf 90' lang='lat' dir='ltr'>amicitia</span> <span class='ocrx_word' id='word_1_255' title='bbox 945 2928 1030 2985; x_wconf 89' lang='lat' dir='ltr'>sic</span> <span class='ocrx_word' id='word_1_256' title='bbox 1061 2946 1414 3001; x_wconf 87' lang='lat' dir='ltr'>erraremus,</span> <span class='ocrx_word' id='word_1_257' title='bbox 1446 2937 1508 2988; x_wconf 85' lang='lat' dir='ltr'>et</span> <span class='ocrx_word' id='word_1_258' title='bbox 1535 2932 1637 2989; x_wconf 91' lang='lat' dir='ltr'>isti</span> 
     </span>
     <span class='ocr_line' id='line_1_35' title="bbox 280 3004 1672 3082; baseline 0.005 -20"><span class='ocrx_word' id='word_1_259' title='bbox 280 3004 486 3062; x_wconf 86' lang='lat' dir='ltr'>Errori</span> <span class='ocrx_word' id='word_1_260' title='bbox 519 3022 737 3061; x_wconf 87' lang='lat' dir='ltr'>nomen</span> <span class='ocrx_word' id='word_1_261' title='bbox 771 3006 968 3064; x_wconf 89' lang='lat' dir='ltr'>virtus</span> <span class='ocrx_word' id='word_1_262' title='bbox 998 3010 1305 3082; x_wconf 86' lang='lat' dir='ltr'>posuisset</span> <span class='ocrx_word' id='word_1_263' title='bbox 1334 3011 1672 3069; x_wconf 87' lang='lat' dir='ltr'>honestum.</span> 
     </span>
     <span class='ocr_line' id='line_1_36' title="bbox 282 3084 1774 3165; baseline 0.005 -25"><span class='ocrx_word' id='word_1_264' title='bbox 282 3084 371 3141; x_wconf 88' lang='lat' dir='ltr'>At</span> <span class='ocrx_word' id='word_1_265' title='bbox 400 3089 571 3159; x_wconf 88' lang='lat' dir='ltr'>pater</span> <span class='ocrx_word' id='word_1_266' title='bbox 602 3091 669 3141; x_wconf 93' lang='lat' dir='ltr'>ut</span> <span class='ocrx_word' id='word_1_267' title='bbox 701 3088 889 3159; x_wconf 84' lang='lat' dir='ltr'>gnati,</span> <span class='ocrx_word' id='word_1_268' title='bbox 924 3087 1012 3144; x_wconf 89' lang='lat' dir='ltr'>sic</span> <span class='ocrx_word' id='word_1_269' title='bbox 1040 3107 1153 3144; x_wconf 87' lang='lat' dir='ltr'>nos</span> <span class='ocrx_word' id='word_1_270' title='bbox 1184 3090 1470 3148; x_wconf 88' lang='lat' dir='ltr'>debemus</span> <span class='ocrx_word' id='word_1_271' title='bbox 1500 3093 1674 3150; x_wconf 87' lang='lat' dir='ltr'>amici</span> <span class='ocrx_word' id='word_1_272' title='bbox 1767 3159 1774 3165; x_wconf 28' lang='lat'>⁸</span> 
     </span>
     <span class='ocr_line' id='line_1_37' title="bbox 286 3162 1789 3244; baseline 0.005 -24"><span class='ocrx_word' id='word_1_273' title='bbox 286 3162 351 3220; x_wconf 85' lang='lat' dir='ltr'>Si</span> <span class='ocrx_word' id='word_1_274' title='bbox 381 3164 540 3237; x_wconf 89' lang='lat' dir='ltr'>quod</span> <span class='ocrx_word' id='word_1_275' title='bbox 575 3164 654 3219; x_wconf 88' lang='lat' dir='ltr'>sit</span> <span class='ocrx_word' id='word_1_276' title='bbox 683 3164 901 3221; x_wconf 84' lang='lat' dir='ltr'>vitium</span> <span class='ocrx_word' id='word_1_277' title='bbox 933 3184 1055 3223; x_wconf 92' lang='lat' dir='ltr'>non</span> <span class='ocrx_word' id='word_1_278' title='bbox 1084 3168 1358 3227; x_wconf 88' lang='lat' dir='ltr'>fastidire</span> <span class='ocrx_word' id='word_1_279' title='bbox 1383 3191 1397 3244; x_wconf 84' lang='lat'><em>3</em></span> <span class='ocrx_word' id='word_1_280' title='bbox 1443 3172 1789 3229; x_wconf 85' lang='lat' dir='ltr'>strabonem</span> 
     </span>
    </p>
   </div>
   <div class='ocr_carea' id='block_1_4' title="bbox 353 3316 2092 3386">
    <p class='ocr_par' dir='ltr' id='par_1_14' title="bbox 353 3316 2092 3386">
     <span class='ocr_line' id='line_1_38' title="bbox 353 3316 2092 3386; baseline 0.006 -28"><span class='ocrx_word' id='word_1_281' title='bbox 353 3317 407 3358; x_wconf 81' lang='lat'>15</span> <span class='ocrx_word' id='word_1_282' title='bbox 433 3316 622 3360; x_wconf 80' lang='lat' dir='ltr'>deciens</span> <span class='ocrx_word' id='word_1_283' title='bbox 685 3317 741 3359; x_wconf 89' lang='lat'>20</span> <span class='ocrx_word' id='word_1_284' title='bbox 765 3316 896 3361; x_wconf 85' lang='lat' dir='ltr'>haud</span> <span class='ocrx_word' id='word_1_285' title='bbox 919 3319 1122 3363; x_wconf 83' lang='lat' dir='ltr'>fortasse</span> <span class='ocrx_word' id='word_1_286' title='bbox 1184 3321 1242 3367; x_wconf 82' lang='lat'>27</span> <span class='ocrx_word' id='word_1_287' title='bbox 1267 3336 1320 3366; x_wconf 83' lang='lat' dir='ltr'>ac</span> <span class='ocrx_word' id='word_1_288' title='bbox 1343 3324 1433 3367; x_wconf 86' lang='lat' dir='ltr'>tibi</span> <span class='ocrx_word' id='word_1_289' title='bbox 1495 3327 1553 3369; x_wconf 86' lang='lat'>43</span> <span class='ocrx_word' id='word_1_290' title='bbox 1577 3340 1632 3370; x_wconf 72' lang='lat' dir='ltr'>ac</span> <span class='ocrx_word' id='word_1_291' title='bbox 1653 3332 1793 3386; x_wconf 82' lang='lat' dir='ltr'>pater</span> <span class='ocrx_word' id='word_1_292' title='bbox 1854 3329 1911 3370; x_wconf 83' lang='lat'>43</span> <span class='ocrx_word' id='word_1_293' title='bbox 1936 3327 2092 3371; x_wconf 74' lang='lat' dir='ltr'>amicis</span> 
     </span>
    </p>
   </div>
   <div class='ocr_carea' id='block_1_5' title="bbox 2279 1 2330 3748">
    <p class='ocr_par' dir='ltr' id='par_1_15' title="bbox 2279 1 2330 3748">
     <span class='ocr_line' id='line_1_39' title="bbox 2279 1 2330 3748; baseline 0 0"><span class='ocrx_word' id='word_1_294' title='bbox 2279 1 2330 3748; x_wconf 95' lang='lat' dir='ltr'> </span> 
     </span>
    </p>
   </div>
  </div>
 </body>
</html>
