2367 3784
1098 145 1241 192 Lm.
1292 145 1372 193 11.
1422 132 1460 192 3
2083 132 2161 196 17
2167 134 2204 194 3

340 302 665 361 Luscinias
696 304 860 360 soliti
891 305 1164 378 impenso
1194 304 1490 380 prandere
1521 310 1850 379 co'emptaS,
2090 297 2204 354 245

340 384 643 456 Quorsum
673 382 946 441 abeant?
993 386 1203 441 Sanin’
1234 394 1414 455 creta,
1449 403 1525 441 an
1555 386 1814 442 carbone
1846 384 2145 444 notandi?

417 534 753 593 Aedificare
785 553 979 605 casas,
1012 535 1294 610 plostello
1325 537 1652 610 adjungere
1685 554 1904 603 mureS,

338 615 571 672 Ludere
602 633 717 690 par
748 617 959 691 impar,
993 616 1268 690 equitare
1301 616 1361 672 in
1393 616 1686 673 arundine
1718 616 1917 691 longa,

338 696 403 753 Si
436 714 609 771 quem
642 696 903 754 delectet
933 696 1271 765 barbatum,
1306 697 1573 753 amentia
1604 703 1819 753 verset.

336 774 397 833 Si
432 775 721 851 puerilius
753 775 847 832 his
878 776 1033 832 ratio
1061 793 1195 832 esse
1225 778 1463 833 evincet
1493 793 1716 844 amare,
2088 780 2202 839 250

334 855 465 913 Nec
495 856 818 931 quicquam
849 856 1079 913 differre
1109 863 1392 913 utrumne
1422 856 1485 913 in
1512 857 1777 931 pulvere,
1810 856 2031 914 trimus

336 936 528 1009 Quale
558 936 742 1012 prius,
775 936 951 993 ludas
982 954 1150 1010 opus,
1185 955 1261 992 an
1293 937 1626 993 meretrieIS
1658 954 1858 993 amere

334 1015 648 1073 Sollicitus
677 1017 896 1090 ploreS,
929 1035 1166 1091 quaem,
1201 1016 1465 1073 faciasne
1497 1016 1659 1091 quod
1691 1016 1839 1072 olim

333 1095 615 1154 Mutatus
648 1096 988 1154 Polemon?
1031 1114 1223 1172 ponas
1256 1097 1523 1170 insignia
1553 1096 1765 1165 morbi,

332 1175 663 1246 FasciolaS,
698 1177 943 1244 cubital,
976 1177 1209 1247 focalia,
1244 1184 1427 1251 potus
1459 1183 1525 1233 ut
1558 1177 1653 1233 illc
2086 1179 2199 1238 255

333 1255 576 1314 Dicitur
605 1275 681 1313 ex
710 1257 865 1314 collo
898 1257 1102 1314 furtim
1135 1257 1431 1332 carpsisse
1463 1274 1734 1326 coronae„

336 1335 675 1412 Postquam
706 1343 803 1394 est
832 1337 1122 1412 impransi
1155 1348 1467 1412 correptus
1501 1355 1645 1393 voce
1677 1335 2005 1411 magistri?

337 1416 612 1492 Porrigis
642 1417 797 1473 irato
826 1435 1016 1491 puero
1046 1435 1181 1474 cum
1210 1436 1407 1493 poma,
1441 1424 1717 1475 recusat:

337 1502 371 1526 “
396 1496 591 1567 Sume,
626 1495 929 1554 catelle!”
970 1505 1193 1572 negat3
1236 1499 1288 1554 si
1319 1516 1439 1554 non
1469 1499 1594 1568 dee,
1629 1504 1833 1572 optet:
1881 1504 2117 1555 amator

336 1576 637 1635 Exclusus
669 1578 771 1652 qui
802 1577 1007 1646 distat,
1045 1577 1174 1652 agit
1203 1579 1305 1634 ubi
1339 1596 1543 1634 secum
1573 1585 1674 1635 eat
1704 1597 1779 1635 an
1812 1596 1950 1649 non,
2083 1584 2197 1640 260

337 1659 469 1730 Quo
498 1659 805 1715 rediturus
834 1664 965 1714 erat
993 1675 1112 1714 non
1144 1660 1488 1727 amessiam,
1521 1664 1582 1715 et
1614 1659 1822 1715 haeret

336 1737 561 1795 Invisis
591 1736 867 1794 foribus?
913 1742 947 1766 “
968 1737 1098 1795 Nee
1127 1755 1304 1807 nunc,
1336 1756 1472 1795 cum
1502 1756 1598 1795 me
1629 1745 1810 1795 vocat
1839 1739 2014 1808 ultro,

337 1817 684 1875 Accedam?
730 1835 807 1874 an
837 1817 1042 1893 potius
1071 1817 1328 1874 mediter
1358 1819 1524 1875 finire
1556 1816 1843 1876 dolores?

336 1898 613 1956 Exclusit
641 1919 655 1972 ;
687 1905 972 1954 revocat:
1004 1896 1291 1955 redeam?
1352 1898 1509 1968 Non,
1543 1898 1594 1955 si
1626 1899 1953 1956 obsecret.’'
2038 1899 2193 1957 Ecce

338 1978 577 2049 ServuS,
609 1997 733 2036 non
760 1978 941 2053 paulo
972 1977 1336 2052 sapientior:
1385 1984 1415 2007 ‘⁴
1440 1977 1492 2034 O
1525 1978 1681 2047 here,
1714 1997 1869 2053 quae
1899 1996 1996 2035 res
2081 1982 2191 2037 265

336 2057 395 2116 N
400 2077 464 2116 ee
495 2059 738 2115 modum
771 2058 951 2115 habet
980 2076 1173 2133 neque
1205 2058 1541 2124 consilium,
1574 2059 1805 2114 ratione
1836 2059 2133 2133 modoque

337 2137 604 2196 Tractari
637 2156 757 2195 non
792 2137 932 2194 volt.
1020 2137 1095 2194 In
1127 2156 1327 2195 amore
1361 2139 1508 2195 haec
1539 2146 1681 2194 sunt
1711 2138 1884 2203 mala,
1920 2138 2161 2206 bellum,

338 2218 466 2276 Pax
490 2236 766 2276 rursum:
816 2216 963 2274 haee
994 2217 1054 2274 si.
1076 2220 1213 2292 quis
1243 2218 1627 2295 tempestatis
1655 2235 1840 2292 prope
1870 2218 1994 2274 ritu

338 2298 588 2356 Mobilia
617 2306 679 2355 et
709 2315 888 2355 caeca
918 2297 1222 2355 fluitantia
1252 2306 1414 2355 sorte
1447 2298 1678 2354 laboret

337 2378 614 2436 Reddere
645 2385 812 2436 certa
841 2378 976 2446 sibi,
1011 2378 1203 2435 nihilo
1234 2380 1370 2454 plus
1401 2378 1660 2452 explicet
1691 2395 1761 2434 ac
1792 2378 1843 2434 si
2082 2381 2196 2439 270

336 2457 610 2516 Insanire
640 2465 811 2534 paret
845 2466 1010 2515 certa
1040 2459 1272 2515 ratione
1304 2459 1662 2533 modoque.''

338 2537 535 2611 Quid?
581 2557 735 2607 cum,
771 2539 1013 2596 Picenis
1043 2557 1370 2613 excerpens
1401 2540 1631 2596 semina
1658 2538 1872 2613 pomiS,

338 2618 575 2677 Gaudes
606 2620 658 2674 si
690 2636 990 2676 cameram
1022 2620 1285 2693 percusti
1317 2620 1488 2687 forte,
1522 2637 1704 2693 penes
1735 2625 1794 2676 te
1825 2616 1936 2676 es?

338 2697 537 2772 Quid?
582 2717 717 2756 cum
751 2700 933 2755 balba
962 2699 1103 2755 seris
1135 2717 1365 2756 annoso
1400 2699 1580 2756 verba
1610 2700 1831 2772 palate,

335 2780 705 2836 Aedificante
736 2797 910 2836 casas
940 2779 1040 2853 qui
1073 2777 1322 2835 sanior?
1410 2779 1588 2836 Adde
1619 2796 1886 2835 cruorem
2083 2776 2195 2834 275

338 2856 655 2926 Stultitiae,
680 2868 860 2934 atque
883 2859 1083 2933 ignem
1107 2859 1316 2932 gladio
1336 2866 1620 2916 scrutare.
1690 2859 1893 2930 Modo,
1919 2860 2188 2933 inquam,

336 2938 587 2996 Hellade
618 2957 908 3015 percussa
939 2938 1175 2995 Marius
1206 2957 1343 2995 cum
1376 2939 1737 3014 praecipitat
1768 2956 1849 3009 se,
2053 2959 2058 2963 ·

336 3018 601 3078 Cerritus
631 3018 791 3077 fuit?
838 3037 916 3076 an
946 3026 1287 3076 commotae
1318 3019 1566 3075 crimine
1598 3020 1817 3077 mentis

336 3100 633 3158 Absolves
666 3101 990 3170 hominem,
1022 3106 1084 3156 et
1114 3099 1359 3156 sceleris
1390 3099 1709 3156 damnabis
1738 3099 2013 3169 eundem,

336 3179 426 3237 Ex
452 3200 611 3239 more
640 3183 959 3257 imponens
990 3187 1256 3256 cognata
1286 3180 1580 3236 voeabula
1608 3178 1831 3236 rebus?
2076 3176 2189 3234 280

428 3292 513 3335 246
538 3293 644 3337 sani
668 3297 737 3347 ut,
762 3292 868 3335 sani
993 3291 1080 3337 247
1103 3291 1362 3350 plaustello
1485 3291 1571 3333 250
1597 3291 1664 3334 sie
1786 3290 1872 3332 255
1896 3287 2105 3331 cubitale

467 3353 551 3396 259
575 3357 713 3413 optat
775 3353 861 3396 261
886 3353 1144 3397 accersitus
1208 3352 1296 3395 262
1321 3351 1510 3394 invisus
1574 3351 1661 3393 262
1684 3363 1743 3392 ne
1806 3347 1892 3390 262
1917 3349 2054 3388 vocet

676 3412 765 3457 277
789 3413 882 3455 alii
904 3412 1195 3469 dietinyuunt
1217 3415 1428 3454 scrutare
1451 3411 1607 3463 modo,
1631 3410 1841 3466 inquam.

2267 1 2354 10 7—-
