2367 3784
794 589 863 661 Q.
915 586 1256 646 HORATI
1303 588 1623 648 FLAcm

579 766 1843 860 SATIRARVM

877 976 1112 1024 LIBER
1141 977 1537 1027 SECVNDVS

1182 1300 1232 1358 Ι.

269 1413 489 1472 Horat.
526 1411 684 1471 Sunt
712 1408 934 1488 quibus
964 1409 1025 1467 in
1056 1409 1247 1467 satira
1276 1410 1487 1468 videor
1516 1411 1698 1469 nimis
1728 1429 1863 1471 acer
1890 1420 1953 1472 et
1984 1414 2143 1473 ultra

269 1492 503 1567 Legem
533 1492 777 1550 tendere
807 1509 994 1567 opus3
1038 1491 1166 1546 sine
1198 1490 1400 1548 nervis
1431 1491 1637 1559 altera,
1670 1492 1953 1570 quicquid

272 1572 625 1648 Composui,
656 1589 797 1647 pars
827 1589 960 1631 esse
991 1576 1183 1646 putat,
1219 1570 1568 1646 similesque
1598 1590 1863 1642 meorum

271 1651 445 1710 Mille
479 1652 576 1709 die
607 1669 818 1721 versus
849 1650 1060 1708 deduci
1090 1668 1285 1726 posse.
1375 1650 1638 1721 Trebati,

271 1732 435 1806 Quid
478 1731 698 1788 faciam
731 1730 1083 1807 praescribe.
1157 1729 1389 1787 Trebat.
1424 1731 1732 1804 QuiescaS.
1792 1734 2009 1792 Horat.
2046 1733 2139 1791 Ne

367 1858 378 1873 .
511 1811 746 1879 faciam,
778 1811 994 1886 inquis,
2105 1817 2140 1872 5

271 1890 539 1950 Omnino
579 1888 836 1948 versus?
935 1890 1166 1948 Trebac.
1204 1889 1340 1946 Aio.
1427 1891 1640 1948 Horat.
1678 1892 1935 1950 Peream
1965 1893 2139 1963 male,

510 1971 561 2027 si
591 1988 712 2028 non

269 2049 591 2126 Optimum
632 2056 800 2123 erat3
845 2066 1058 2106 verum
1103 2066 1335 2124 nequeo
1380 2048 1656 2108 dormire.
1757 2052 1993 2110 Trebat.
2026 2052 2144 2111 Ter

510 2129 673 2187 uncti

269 2210 658 2268 Transnanto
688 2209 971 2279 Tiberim,
1006 2226 1221 2266 somno
1252 2209 1474 2284 quibus
1504 2217 1598 2267 est
1628 2228 1780 2287 opus
1810 2211 1952 2283 alto,

267 2290 697 2366 Irriguumque
726 2306 892 2346 mero
923 2290 1037 2346 sub
1067 2295 1310 2346 noctem
1344 2306 1560 2365 corpus
1591 2290 1872 2350 habento.

267 2370 420 2440 Aut,
453 2371 504 2427 si
533 2376 744 2428 tantus
775 2386 947 2427 amor
974 2368 1273 2427 scribendi
1304 2374 1364 2426 te
1396 2369 1569 2445 rapit,
1601 2370 1756 2428 aude
2077 2368 2149 2425 10

271 2450 558 2510 Caesaris
586 2448 800 2507 invicti
831 2467 926 2507 res
957 2451 1170 2518 dicere,
1206 2449 1402 2507 multa
1429 2449 1702 2509 laborum

269 2531 554 2588 Praemia
582 2531 833 2588 laturus,
920 2530 1132 2588 Horat.
1163 2528 1488 2606 Cupidum,
1515 2536 1690 2606 pater
1712 2531 1958 2606 optime,
1982 2531 2140 2590 vires

268 2609 609 2669 Deficiunt:
655 2629 849 2687 neque
878 2611 1039 2667 enim
1073 2609 1278 2685 quivis
1312 2608 1621 2667 horrentia
1648 2610 1788 2686 pilis

264 2689 542 2766 Agmina
571 2709 679 2748 nec
710 2691 904 2748 fracta
932 2694 1260 2766 pereuntes
1293 2690 1540 2766 cuspide
1574 2689 1786 2748 Gallos

193 2805 200 2813 -
266 2769 403 2827 Aut
430 2770 691 2828 labentis
719 2788 875 2846 equo
906 2770 1211 2828 describat
1244 2769 1490 2827 volnera
1522 2769 1754 2828 Parthi.
2069 2766 2139 2820 15

279 2850 516 2908 Trebat.
546 2851 842 2908 Attamen
872 2855 934 2907 et
953 2852 1189 2924 justum
1219 2854 1465 2924 poteras
1497 2857 1559 2907 et
1588 2849 1844 2907 scribere
1877 2850 2108 2917 fortem,

263 2928 614 3005 Scipiadam
633 2936 703 2988 ut
727 2930 968 3006 sapiens
990 2929 1280 2987 Lucilius,
1330 2930 1545 2987 Horat.
1572 2929 1758 2987 Haud
1774 2931 1855 2986 mi
1864 2930 1925 2986 hi
1941 2930 2136 3000 decre,

181 3051 188 3058 -
262 3007 424 3067 Cum
455 3028 551 3068 res
580 3011 714 3086 ipsa
744 3011 912 3067 feret.
1000 3008 1135 3066 Nisi
1170 3010 1381 3067 dextro
1413 3017 1702 3084 tempore,
1737 3010 1938 3067 Flacci

263 3086 478 3146 Verba
502 3108 608 3165 per
641 3096 942 3148 attentam
974 3107 1092 3146 non
1123 3089 1302 3146 ibunt
1335 3088 1619 3147 Caesaris
1651 3108 1877 3162 aurem,

259 3165 383 3227 Oui
409 3170 566 3228 male
596 3171 649 3228 si
677 3170 936 3246 palpere,
969 3169 1312 3241 recalcitrat
1342 3169 1607 3253 undique
1637 3174 1828 3229 tutuS.
2067 3169 2140 3226 20

269 3306 295 3351 1
320 3300 516 3363 videar¹
545 3306 601 3351 10
622 3298 756 3367 capit
804 3307 861 3351 15
884 3304 1128 3359 describit,
1151 3267 1390 3350 describet
1442 3304 1500 3349 20
1521 3305 1725 3367 palpare
1779 3305 1836 3349 20
1845 3303 2123 3420 1rggudcitret
