2367 3784
1001 151 1146 199 ms.
1196 152 1275 201 11.
1323 139 1366 199 4
1998 141 2120 207 177

256 306 607 365 Surrentina
636 308 804 366 vafer
833 309 935 385 qui
966 310 1178 367 miscet
1209 311 1370 369 faece
1403 311 1664 371 Falerna
2041 308 2117 363 55

255 386 435 458 Vina,
467 389 809 447 columbino
841 390 1056 446 limum
1087 391 1239 448 bene
1271 392 1506 467 colligit
1534 412 1668 464 ovo,

259 469 573 541 Quatenus
602 469 726 526 ima
753 470 913 546 petit
941 469 1194 528 volvens
1228 471 1427 530 aliena
1457 474 1718 532 vitellus.

259 548 463 606 Tostis
489 555 857 607 marcentem
889 550 1125 625 squillis
1155 553 1453 610 recreabis
1482 560 1545 610 et
1575 555 1731 612 Afra

260 629 541 687 Potorem
572 630 855 687 cochlea:
899 649 1042 688 nam
1074 632 1310 689 lactuca
1339 632 1578 691 innatat
1607 634 1726 691 acri

260 710 411 767 Post
439 710 648 766 vinum
680 710 1037 784 stomach03
1066 729 1255 788 perna
1282 713 1482 787 magis
1513 731 1581 770 ac
1610 714 1808 788 magis
1838 713 2007 773 hillis
2042 708 2117 764 60

260 789 531 865 Flagitat
561 791 890 848 immersus
920 790 1078 848 refici
1102 812 1116 865 ;
1158 793 1308 867 quin
1337 794 1543 849 omnia
1571 794 1760 864 malit,

262 872 681 946 Quaecumque
712 871 1046 928 immundis
1076 872 1312 929 fervent
1340 872 1528 930 allata
1556 874 1809 950 popinis.

260 950 374 1008 Est
402 968 614 1025 operae
643 952 909 1027 pretium
943 952 1203 1028 duplicis
1231 969 1583 1027 pernoscere
1617 954 1772 1028 Juris

258 1030 568 1088 Naturam.
656 1031 928 1108 Simplex
956 1050 989 1089 e
1020 1032 1180 1089 dulci
1210 1038 1453 1090 constat
1481 1034 1660 1104 olim,

260 1111 433 1183 Quod
459 1111 670 1187 pingui
701 1112 951 1169 miscere
982 1129 1147 1169 mero
1176 1114 1492 1188 muriaque
1522 1113 1773 1183 decebit,
2040 1106 2114 1163 65

259 1189 397 1247 Non
426 1191 541 1248 alia
567 1210 750 1266 quam
779 1210 901 1268 qua
931 1192 1236 1267 Byzantia
1264 1194 1467 1267 putuit
1494 1211 1648 1252 orca.

260 1270 394 1328 Hoc
424 1271 522 1328 ubi
551 1273 870 1329 confusum
905 1273 1087 1329 sectis
1117 1272 1409 1330 inferbuit
1438 1272 1638 1331 herbis

260 1352 634 1427 Corycioque
665 1370 838 1433 croco
869 1369 1148 1429 sparsum
1181 1353 1370 1422 stetit,
1403 1353 1653 1429 insuper
1680 1354 1867 1411 addes

261 1434 478 1489 Pressa
507 1433 892 1490 Venafranae
922 1433 1082 1508 quod
1111 1433 1264 1490 baca
1292 1433 1526 1490 remisit
1555 1435 1767 1491 olivae.

261 1512 497 1570 Picenis
526 1514 748 1571 cedunt
775 1515 975 1589 pomis
1006 1514 1287 1571 Tiburtia
1318 1530 1460 1571 suco
1484 1534 1498 1587 3
2041 1505 2113 1565 70

259 1593 420 1650 Nam
448 1594 596 1651 facie
625 1600 956 1670 praestant.
1043 1593 1363 1651 Venucula
1393 1594 1676 1652 convenit
1703 1594 1874 1667 ollis3

258 1674 512 1731 Rectius
544 1674 848 1731 Albanam
879 1674 1045 1731 fumo
1078 1675 1395 1731 duraveris
1425 1692 1623 1731 uvam.

258 1754 434 1811 Hanc
463 1772 577 1828 ego
608 1772 743 1811 cum
772 1754 969 1824 malie,
1001 1772 1118 1829 ego
1150 1755 1379 1812 faecem
1407 1754 1639 1829 primus
1667 1759 1730 1810 et
1760 1754 1926 1823 allec,

258 1834 499 1891 Primus
527 1840 590 1891 et
617 1835 895 1891 invenior
923 1835 1093 1910 piper
1124 1835 1328 1892 album
1357 1852 1493 1891 cum
1524 1833 1647 1890 sale
1678 1835 1853 1908 nigro

255 1915 561 1972 Incretum
589 1914 759 1991 puris
788 1915 1297 1990 circumposuisse
1328 1914 1567 1972 catillis.
2038 1905 2111 1965 75

254 1992 529 2052 Immane
556 2001 651 2052 est
680 1995 898 2052 vitium
927 1995 1072 2052 dare
1103 1995 1273 2052 milia
1298 2000 1472 2052 terna
1501 1993 1753 2051 macello

255 2076 658 2150 Aug-ustoque
689 2093 881 2149 vagos
911 2076 1108 2150 pisces
1139 2092 1354 2149 urgere
1385 2075 1600 2132 catino,

253 2154 484 2230 Magna
512 2161 718 2213 movet
747 2155 1065 2213 stomacho
1096 2155 1361 2224 fastidia,
1395 2173 1502 2212 seu
1531 2173 1679 2231 puer
1707 2153 1906 2212 unctis

252 2234 567 2293 Tractavit
595 2236 844 2293 calicem
874 2236 1176 2304 manibus,
1210 2236 1356 2293 dum
1387 2236 1549 2293 furta
1578 2235 1841 2308 ligurrit,

254 2315 392 2374 Sive
422 2316 632 2391 gravis
661 2316 852 2373 veteri
882 2323 1151 2374 craterae
1182 2317 1365 2373 limus
1397 2315 1688 2373 adhaesit.
2034 2306 2111 2362 80

252 2396 494 2453 Vilibus
522 2397 586 2453 in
615 2396 828 2472 scopia,
864 2396 927 2453 in
958 2396 1218 2473 mappiS,
1251 2396 1314 2452 in
1345 2396 1521 2454 scobe
1550 2400 1815 2470 quantus

253 2475 553 2535 Consistit
580 2475 907 2552 sumptus?
992 2476 1051 2534 N
1056 2476 1325 2551 eglectiS,
1358 2475 1658 2551 flagitium
1688 2474 1921 2551 ingens,

212 2554 220 2561 ’
252 2556 399 2614 'Fen’
426 2557 658 2632 lapides
688 2557 892 2614 varios
921 2549 1225 2614 lutulenta
1254 2556 1463 2613 radere
1491 2555 1696 2632 palma

253 2636 334 2695 Et
363 2636 580 2713 Tyrias
610 2637 754 2694 dare
785 2637 1010 2694 circum
1040 2636 1237 2693 inluta
1265 2636 1486 2693 toralia
1516 2643 1735 2704 vesteS,

255 2714 544 2787 Oblitum,
577 2724 805 2793 quanto
836 2734 1042 2774 curam
1074 2722 1504 2791 sumptumque
1534 2714 1828 2771 minorem
2034 2707 2107 2764 85

253 2795 423 2854 Haec
452 2797 737 2867 habeant,
768 2802 945 2855 tanto
973 2796 1328 2872 reprehendi
1365 2794 1595 2869 justius
1622 2793 1744 2850 illis

254 2877 421 2948 Quae
450 2877 567 2934 uisi
597 2877 893 2935 divitibus
924 2882 1229 2951 nequeant
1258 2875 1609 2950 contingere
1641 2871 1914 2931 mensis?

331 3041 541 3098 Horat.
590 3040 785 3099 Docte
817 3039 974 3111 Cati,
1004 3056 1114 3115 per
1145 3038 1478 3096 amicitiam
1508 3037 1804 3111 divosque
1832 3041 2107 3110 rogatuS‚

259 3120 485 3178 Ducere
513 3140 609 3179 me
638 3121 932 3190 auditum,
964 3137 1180 3196 perges
1210 3135 1603 3194 quocumque,
1637 3122 1958 3174 mementO.

313 3261 372 3306 57
394 3262 617 3323 quatinus
731 3261 788 3308 57
809 3264 945 3322 petat
1058 3260 1113 3304 61
1137 3259 1189 3303 in
1211 3271 1397 3303 morsus
1513 3258 1568 3302 69
1592 3256 1739 3302 bacea
1831 3255 1885 3300 70
1911 3268 2047 3297 succo

431 3320 485 3368 73
505 3321 641 3368 halec
664 3321 739 3376 F„
761 3320 811 3367 J.
895 3321 953 3366 78
973 3321 1169 3364 movent
1252 3317 1309 3363 78
1332 3316 1628 3362 stomachum
1711 3315 1768 3360 79
1790 3314 1946 3357 frusta

662 3382 720 3429 79
742 3381 912 3438 ligurit
1032 3378 1248 3424 84111022
1370 3377 1428 3421 87
1448 3377 1692 3435 nequeunt

511 3448 636 3499 Hor.
667 3445 730 3496 12
