2367 3784
210 147 336 209 212
702 161 989 209 Horum
1038 162 1577 213 nms'rvLARvM

208 317 380 376 Neve
407 324 589 394 putes
620 318 805 377 alium
837 320 1107 396 sapiente
1137 322 1417 396 bonoque
1444 321 1710 392 beatum,
2015 335 2092 390 20

206 397 265 455 N
270 418 363 470 en,
397 400 448 457 si
477 405 538 456 te
566 401 828 476 populus
858 418 1072 458 sanum
1103 408 1382 476 recteque
1413 401 1719 460 valentem

208 479 482 549 Dictitet,
516 480 810 538 occultam
841 481 1068 538 febrem
1093 483 1206 538 sub
1237 489 1477 557 tempus
1506 482 1726 540 edendi

208 559 594 630 Dissimules,
625 560 814 618 donec
844 562 1124 619 manibus
1153 569 1380 620 tremor
1409 562 1641 619 incidat
1673 563 1886 624 unctis

209 640 549 699 Stultorum
579 641 856 698 incurata
884 642 1079 715 pudor
1106 642 1307 699 malus
1337 642 1537 699 ulcera
1567 643 1740 703 celat.

210 722 276 781 Si
304 723 442 799 quis
471 722 633 780 bella
659 721 770 778 tibi
799 729 968 780 terra·
988 730 1263 797 pugnata
1291 723 1559 799 marique
2011 736 2085 790 25

207 803 391 862 Dicat
419 809 482 861 et
511 803 608 860 his
636 802 838 859 verbis
872 820 1096 859 vacuas
1126 803 1501 879 permulceat
1530 823 1741 864 aures:

209 889 243 915 “
264 884 426 943 Tene
457 885 656 959 magis
687 883 927 940 salvum
962 884 1226 958 populus
1257 884 1407 942 velit
1438 903 1515 942 an
1545 888 1835 962 populum
1862 893 1950 959 tu,

209 965 425 1024 Servet
451 965 514 1022 in
545 966 853 1041 ambiguo,
888 964 993 1039 qui
1027 964 1289 1021 consulit
1318 970 1380 1023 et
1408 966 1519 1022 tibi
1547 973 1609 1023 et
1637 966 1794 1041 urbi,

203 1045 490 1123 Juppiter
515 1048 581 1119 ;'’
612 1045 885 1120 Augusti
921 1045 1132 1102 laudes
1166 1063 1497 1120 agnoscere
1527 1048 1761 1122 possis:

207 1125 363 1184 Cum
393 1127 620 1203 pateris
650 1126 893 1201 sapiens
924 1126 1403 1203 emendatusque
1433 1128 1654 1199 vocari,
2005 1135 2082 1191 30

204 1206 644 1282 Respondesne
673 1213 798 1278 tu0,
831 1207 928 1264 dic
963 1208 1157 1278 sodeS‚
1193 1205 1483 1265 nomine?
1528 1214 1562 1240 “
1584 1208 1819 1285 Nempe

203 1285 317 1344 Vir
347 1288 538 1345 bonus
568 1294 629 1345 et
656 1288 924 1363 prudens
958 1287 1075 1345 dici
1107 1289 1375 1346 delector
1402 1307 1516 1364 ego
1548 1307 1616 1345 ac
1645 1291 1772 1347 tu.''

204 1367 324 1441 Qui
353 1368 521 1425 dedit
549 1368 661 1426 hoc
691 1368 887 1438 hodie,
923 1386 1075 1438 craS,
1110 1370 1161 1426 si
1193 1370 1374 1440 volet,
1408 1369 1655 1441 auferet,
1680 1377 1750 1428 ut
1778 1369 1830 1427 si

201 1446 505 1507 Detulerit
532 1449 729 1506 fasces
759 1449 1031 1523 indign0,
1066 1449 1345 1508 detrahet
1376 1449 1550 1508 idem.

201 1534 234 1559 “
257 1529 441 1600 Pone,
462 1547 663 1586 meum
682 1535 809 1586 est:
835 1532 867 1562 ’⁷
896 1530 1114 1606 inquit.
1205 1530 1376 1588 Pono
1395 1531 1708 1607 tristisque
1726 1531 1955 1589 recedo,
1999 1534 2074 1591 35

199 1607 372 1667 Idem
402 1609 453 1667 si
482 1610 702 1668 clamet
731 1610 943 1681 furem,
976 1617 1162 1686 neget
1190 1629 1325 1669 esse
1357 1612 1663 1687 pudicum,
1913 1631 1926 1645 ·

200 1689 547 1748 Contendat
574 1690 788 1765 laqueo
820 1691 1039 1748 collum
1070 1693 1362 1766 pressisse
1393 1698 1732 1767 paternum,

196 1768 482 1829 Mordear
511 1770 849 1847 opprobriis
880 1771 1054 1828 falsis
1085 1778 1434 1847 mutemque
1466 1771 1740 1829 colores?

197 1849 419 1909 Falsus
450 1851 641 1909 honor
672 1852 853 1925 juvat
882 1856 945 1909 et
975 1852 1237 1909 mendax
1269 1852 1518 1909 infamia
1545 1857 1731 1910 terret

197 1931 392 2005 Quem
421 1932 540 1989 nisi
571 1932 930 1989 mendosum
963 1936 1025 1989 et
1054 1931 1453 1990 mendacem?
1540 1938 1573 1962 “
1596 1931 1713 1990 Vir
1742 1934 1938 1991 bonus
1967 1941 2068 1994 est

396 2039 413 2043 -
475 2011 670 2069 uis?''
1989 2017 2065 2072 40

136 2089 229 2304 β’*
251 2092 370 2166 Qui
401 2031 677 2150 cgnsulta
704 2097 968 2170 patrum,
1006 2092 1109 2168 qui
1142 2092 1311 2167 leges
1344 2094 1603 2169 juraque
1634 2099 1856 2163 servat,

193 2171 328 2245 Quo
358 2174 585 2231 multae
615 2190 999 2248 magnaeque
1035 2180 1322 2231 secantur
1354 2174 1556 2247 judice
1586 2174 1742 2243 lites,

193 2252 328 2325 Quo
356 2271 453 2310 res
483 2270 772 2327 sponsore
804 2259 866 2310 et
895 2271 1014 2328 quo
1048 2271 1268 2311 causae
1298 2258 1454 2311 teste
1484 2260 1782 2311 tenentur.
1797 2255 1832 2285 '’

192 2331 312 2390 Sed
343 2334 512 2391 videt
542 2333 701 2390 hunc
733 2334 931 2390 omnis
965 2334 1181 2391 domus
1212 2340 1274 2391 et
1303 2333 1526 2391 vicinia
1554 2339 1684 2392 tota

188 2412 531 2471 Introrsum
559 2419 817 2488 turpem,
854 2414 1197 2488 speciosum
1226 2414 1380 2490 pelle
1410 2414 1643 2473 decora.
1981 2416 2059 2473 45

189 2498 223 2523 “
244 2492 302 2549 N
307 2512 374 2551 ec
404 2495 632 2551 furtum
663 2493 777 2551 feci
810 2511 918 2551 nec
952 2494 1144 2569 fugi‚''
1175 2494 1229 2552 si
1259 2494 1409 2552 mihi
1439 2495 1604 2552 dicat

188 2571 432 2645 Servus,
467 2580 499 2604 “
524 2574 734 2631 Habes
763 2575 1046 2649 pretium,
1081 2574 1225 2632 loris
1254 2593 1377 2632 non
1405 2576 1657 2644 ure1·iS‚'’
1687 2574 1800 2633 aio,

187 2658 221 2683 “
240 2652 299 2710 N
305 2671 381 2711 on
401 2655 705 2712 hominem
726 2655 911 2712 occidi
935 2657 1000 2714 :’'
1048 2662 1080 2685 “
1103 2654 1244 2713 Non
1264 2673 1478 2731 pasces
1499 2657 1560 2712 in
1587 2673 1756 2713 cruce
1781 2657 2059 2712 corVOS.''

186 2738 221 2763 “
243 2733 390 2792 Sum
419 2736 616 2792 bonus
644 2742 706 2793 et
738 2737 897 2811 frugi
921 2759 934 2794 :
954 2738 987 2768 '²
1029 2736 1231 2792 renuit
1261 2736 1614 2811 negitatque
1646 2734 1957 2792 Sabellus:

184 2819 219 2844 “
242 2813 475 2873 Cautus
503 2816 663 2873 enim
696 2820 916 2875 metuit
948 2817 1186 2874 foveam
1220 2816 1417 2890 lupus,
1452 2816 1849 2890 accipiterque
1982 2825 2058 2880 50

184 2893 515 2970 Suspectos
544 2898 810 2973 laqueos,
845 2904 906 2955 et
939 2905 1215 2974 opertum
1246 2897 1470 2953 miluus
1501 2896 1766 2953 hamum.

183 2973 459 3035 Oderunt
487 2996 732 3053 peccare
764 2980 908 3037 boni
942 2979 1191 3036 virtutis
1223 2994 1461 3050 amore;

180 3054 272 3114 Tu
302 3059 454 3116 nihil
486 3060 773 3117 admittes
804 3060 869 3115 in
898 3066 959 3115 te
993 3058 1313 3115 formidine
1343 3075 1607 3133 poenae:

179 3136 275 3197 Sit
304 3157 441 3217 spes
474 3140 739 3211 fallendi,
775 3139 1056 3197 miscebis
1089 3156 1260 3196 sacra
1289 3138 1575 3214 profanis.

276 3295 335 3339 29
356 3294 551 3355 possis?
673 3294 729 3338 30
753 3294 920 3353 cupias
964 3341 971 3346 ,
1044 3294 1104 3337 34
1126 3292 1340 3337 detrahit
1463 3292 1520 3336 40
1543 3296 1590 3336 et
1613 3290 1948 3337 medicandum

551 3354 610 3399 43
632 3367 914 3415 responsore
1033 3354 1091 3398 45
1114 3354 1351 3398 introrsus
1473 3353 1531 3397 46
1555 3353 1673 3397 dicit

715 3414 773 3458 49
797 3416 943 3470 negat
963 3416 1107 3474 atque
1232 3414 1285 3457 51
1310 3414 1504 3457 milvius
