2367 3784
336 124 460 187 128
948 138 1236 184 ΗΟΒΑΤΙ
1285 137 1590 186 ΕΡουοΝ

494 298 538 356 J
540 297 779 375 uppiter
807 296 913 354 illa
937 297 1074 373 piae
1105 297 1365 355 secrevit
1393 296 1575 356 litora
1602 298 1789 373 genti,

577 377 668 436 Ut
696 378 1040 453 inquinavit
1071 396 1206 435 aere
1236 385 1480 454 tempus
1510 395 1799 453 aureum3

495 456 672 528 Aere,
706 458 925 516 dehinc
954 458 1111 516 ferro
1140 459 1391 516 duravit
1419 459 1701 533 saecula;
1746 476 2006 535 quorum
2100 467 2160 523 65
2312 478 2317 543 ff

573 537 706 597 Piis
735 538 1019 608 secunda,
1050 543 1194 596 vate
1223 556 1338 610 me,
1372 539 1552 598 datur
1579 540 1745 615 fuga.

2004 654 2214 889 ,A

491 870 536 929 J
538 888 635 928 am
655 872 785 944 jam
814 869 1034 929 efficaci
1064 870 1143 929 do
1173 888 1392 929 manus
1423 873 1730 946 scientiae,

494 949 765 1027 Supplex
791 955 855 1008 et
884 968 990 1008 oro
1019 969 1210 1026 regna
1236 969 1344 1028 per
1374 952 1797 1033 Proserpinae,

494 1030 614 1089 Per
642 1036 704 1088 et
734 1030 972 1088 Dianae
1001 1049 1123 1089 non
1152 1032 1458 1090 movenda
1487 1033 1754 1104 numina,

494 1110 614 1168 Per
642 1117 825 1187 atque
855 1110 1041 1169 libros
1070 1111 1407 1169 carminum
1437 1112 1774 1171 valentium

495 1189 712 1249 Refixa
739 1191 907 1249 caelo
936 1190 1232 1249 devocare
1262 1191 1477 1263 sidera,
2140 1204 2169 1258 5

493 1269 771 1342 Canidia,
803 1288 979 1347 parce
1016 1271 1264 1329 vocibus
1291 1272 1537 1331 tandem
1567 1273 1757 1332 sacris

494 1350 821 1428 Oitumque
852 1356 1013 1408 retro
1045 1352 1232 1423 solve,
1265 1352 1432 1410 solve
1460 1354 1783 1412 turbinem.

492 1430 695 1489 Movit
725 1438 1006 1505 nepotem
1039 1431 1347 1507 Telephus
1378 1432 1683 1505 Nereium,

494 1510 569 1568 In
598 1529 776 1587 quem
808 1512 1107 1588 superbus
1140 1512 1454 1570 ordinarat
1482 1514 1731 1588 agmina

492 1590 817 1668 Mysorum
845 1597 908 1650 et
934 1592 998 1649 in
1029 1610 1209 1668 quem
1241 1593 1367 1650 tela
1397 1599 1575 1651 acuta
1603 1599 1880 1653 torserat.
2109 1602 2172 1656 10

494 1669 735 1729 Unxere
764 1678 993 1730 matres
1026 1672 1178 1730 Iliae
1211 1673 1518 1731 addictum
1549 1674 1690 1732 feris

493 1751 770 1810 Alitibus
799 1758 981 1828 atque
1014 1753 1269 1811 canibus
1298 1752 1663 1812 homicidam
1696 1754 2038 1826 Hectorem,

495 1831 830 1907 Postquam
860 1833 1092 1891 relictis
1122 1834 1441 1892 moenibus
1471 1852 1574 1892 rex
1603 1835 1864 1912 procidit
2316 1856 2319 1897 ἐ

493 1911 636 1969 Heu
663 1913 1000 1989 pervicacis
1031 1913 1110 1974 ad
1140 1914 1328 1988 pedes
1360 1914 1637 1972 Achillei.
2316 1908 2322 2041 Ι

494 1991 713 2051 Setosa
741 1992 911 2050 duris
941 2011 1160 2051 exuere
1191 1994 1450 2069 pellibus
2107 2001 2171 2057 15

493 2071 810 2131 Laboriosi
840 2073 1104 2148 remiges
1135 2073 1340 2131 Ulixei
2316 2078 2322 2197 ι

493 2152 756 2211 Volente
789 2152 968 2212 Circa
997 2154 1303 2228 membra3
1346 2161 1492 2212 tunc
1521 2172 1695 2213 mens
1723 2161 1788 2213 et
1816 2172 2002 2212 sonus

491 2232 800 2308 Relapsus
831 2240 1012 2309 atque
1046 2240 1229 2291 notus
1258 2234 1322 2291 in
1351 2234 1556 2292 voltus
1586 2233 1794 2293 honor.

496 2312 656 2371 Dedi
688 2314 840 2371 satis
869 2331 1170 2390 superque
1200 2332 1532 2390 poenarum
1564 2314 1695 2384 tibi,

492 2393 721 2451 Amata
749 2394 955 2452 nautis
987 2395 1251 2452 multum
1280 2400 1343 2452 et
1372 2394 1776 2453 institoribus
2108 2400 2174 2456 20

492 2471 683 2548 Fugit
700 2475 1008 2548 juventae,
1043 2480 1105 2533 et
1133 2474 1514 2532 verecundus
1543 2476 1707 2534 color

495 2553 769 2630 Reliquit
798 2571 939 2612 ossa
969 2555 1124 2630 pelle
1157 2556 1383 2613 amicta
1411 2555 1647 2631 lurida3

493 2632 643 2691 Tuis
672 2633 925 2709 capillus
958 2634 1132 2693 albus
1163 2645 1260 2693 est
1289 2637 1615 2711 odoribus;

490 2711 743 2772 Nullum
775 2714 851 2771 ab
882 2715 1089 2773 labore
1120 2735 1218 2774 me
1251 2716 1507 2774 reclinat
1538 2717 1765 2791 otium3

482 2791 689 2870 'Urget
717 2794 878 2853 diem
909 2814 1031 2854 nox
1060 2803 1123 2854 et
1152 2798 1283 2855 dies
1313 2802 1569 2868 noctem,
1600 2815 1793 2873 neque
1822 2801 1919 2854 est
2048 2824 2053 2828 ·
2109 2796 2176 2877 25

492 2872 727 2933 Levare
757 2881 929 2934 tenta
959 2877 1176 2953 spiritu
1206 2877 1574 2953 praecordia.

491 2953 658 3030 Ergo
689 2962 981 3030 negatum
1012 2958 1221 3015 vincor
1250 2963 1321 3015 ut
1349 2958 1588 3015 credam
1620 2956 1817 3027 miser,

491 3033 733 3093 Sabella
762 3043 975 3111 pectus
1005 3038 1316 3113 increpare
1346 3040 1632 3108 carmina,

491 3113 814 3191 Caputque
847 3113 1060 3174 Marsa
1089 3118 1354 3175 dissilire
1385 3118 1579 3175 nenia.

494 3193 657 3266 Quid
691 3195 1119 3269 amplius-vis?
1206 3196 1257 3254 Ο
1289 3215 1454 3255 mare
1483 3203 1546 3256 et
1573 3203 1751 3268 terra,
1783 3196 1982 3267 arden,
2117 3196 2186 3251 30

425 3345 483 3389 63
506 3346 716 3390 sacravit
792 3348 817 3390 5
842 3346 1002 3391 defixa
1093 3349 1148 3391 11
1170 3349 1337 3393 luxere
1430 3348 1486 3393 18
1508 3350 1686 3393 relatus
1778 3349 1836 3392 22
1859 3362 1944 3391 ora
1965 3362 1989 3391 ο
2007 3338 2124 3390 coa(

905 3407 965 3450 24
984 3420 1016 3450 a
1374 3410 1430 3452 30
1453 3423 1480 3452 o
1503 3413 1630 3452 terra
