2367 3784
26 144 153 221 sl„
193 156 237 211 ,ί
263 154 491 259 ’sn-'⁰
517 196 543 219 ν
600 162 685 229 ..2
716 161 805 228 3:
960 175 1106 224 ΜΒ.
1154 175 1202 223 1.
1250 159 1422 224 9-12
2037 161 2120 222 25

144 282 425 349 ἶνα-ι
1145 376 1228 435 X
1673 325 1912 452 'EC

492 489 776 559 Mercuri,
821 487 1078 546 facunde
1122 504 1314 562 nepos
1359 486 1650 559 Atlantis,

497 569 618 643 Qui
661 568 822 627 feros
864 569 1066 626 cultus
1114 567 1427 626 hominum
1471 575 1782 627 recentum

495 649 665 707 Voce
707 649 984 706 formasti
1027 655 1221 717 catus,
1266 654 1329 706 et
1370 648 1623 706 decorae
1811 676 1859 711 2—
1917 670 1926 685 ’
1985 634 2138 679 ''A'‘

734 728 907 786 More
949 729 1314 803 palaestrae,

497 809 583 867 Te
626 827 859 880 canam,
902 809 1114 884 magni
1157 809 1339 867 Jovis
1379 816 1443 865 ct
1485 809 1735 868 deorum
2083 810 2121 868 ὅ

495 889 814 958 Nuntium,
859 907 1203 966 curvaeque
1247 889 1419 965 lyrae
1459 896 1790 965 parentem,

497 968 818 1039 Callidum,
865 971 1149 1046 quicquid
1193 969 1441 1045 placuit,
1477 971 1686 1044 jocoso

734 1049 1011 1109 Condere
1053 1051 1232 1108 furt0.

495 1129 598 1201 Te,
641 1129 831 1187 boves
876 1130 1022 1187 olim
1068 1130 1182 1187 nisi
1228 1130 1602 1188 reddidisses

496 1208 616 1268 Per
655 1210 863 1268 dolum
907 1223 1161 1281 amotaS,
1205 1227 1459 1286 puerum
1504 1210 1724 1269 minaci
2045 1208 2119 1266 10

497 1289 667 1349 Voce
710 1291 853 1348 dum
897 1298 1099 1359 terret,
1146 1291 1374 1348 viduus
1414 1290 1705 1365 pharetra

735 1370 904 1429 Risit
946 1371 1186 1447 Apollo,

494 1451 657 1524 Quin
698 1456 761 1509 et
804 1451 1081 1521 Atridae,
1127 1452 1278 1510 duce
1321 1456 1401 1522 te,
1448 1450 1741 1527 superbos

493 1531 610 1590 Ilio
653 1532 825 1589 dives
872 1532 1155 1589 Priamus
1195 1532 1406 1590 relicto

495 1609 947 1686 Thessalosque
991 1612 1165 1686 ignes
1209 1620 1270 1670 et
1313 1612 1522 1688 iniqua
1565 1611 1783 1687 Trojae
2044 1609 2117 1667 15

738 1690 962 1750 Castra
1005 1692 1235 1750 fefellit.

494 1770 590 1829 Tu
629 1771 768 1846 pias
812 1772 992 1830 laetis
1036 1773 1275 1830 animas
1317 1772 1565 1848 reponis
1659 1798 1664 1801 ·

495 1849 776 1921 Sedibus,
824 1853 1120 1929 virgaque
1163 1853 1361 1910 levem
1404 1858 1645 1909 coerces

496 1930 706 1989 Aurea
749 1933 1012 2001 turbam,
1060 1932 1297 2007 superis
1339 1931 1591 1990 deorum

737 2011 967 2071 Gratus
1007 2018 1070 2069 et
1112 2011 1265 2070 imis,
1359 2076 1382 2115 s
2041 2006 2118 2066 20

239 2096 287 2157 -ζ
322 2094 549 2163 -s-:uu
593 2098 821 2177 ‘'isse‘yy
861 2101 967 2187 :ll
1009 2096 1123 2160 ⁸:0⁶⁶
1186 2100 1298 2159 ’,θ’
1325 2124 1368 2163 .‘·'

1139 2203 1259 2263 x1.
1655 2138 1794 2245 Y

252 2312 353 2369 Tu
385 2330 459 2369 ne
491 2313 827 2388 quaesieris
860 2313 1045 2390 (scire
1075 2311 1277 2385 nefas)
1310 2330 1488 2388 quem
1519 2311 1688 2383 mihi,
1720 2331 1901 2388 quem
1931 2315 2042 2373 tibi

251 2391 473 2450 Finem
507 2392 568 2450 di
599 2394 893 2464 dederint,
928 2394 1270 2461 Leuconoe,
1307 2410 1416 2449 nec
1446 2391 1830 2467 Babylonios

252 2472 602 2549 Temptaris
633 2491 931 2531 numeros.
1019 2472 1110 2531 Ut
1138 2472 1374 2544 melius,
1405 2472 1693 2548 quicquid
1726 2473 1856 2543 crit,
1888 2474 2034 2548 pati,

256 2551 381 2611 Seu
409 2553 616 2629 plures
648 2553 898 2625 hiemes,
933 2572 1039 2612 seu
1070 2554 1291 2611 tribuit
1321 2553 1360 2610 J
1371 2553 1610 2632 uppiter
1643 2553 1938 2626 ultimam,

256 2633 428 2706 Quae
460 2653 618 2692 nunc
650 2636 944 2712 oppositis
975 2636 1254 2694 debilitat
1281 2636 1626 2710 pumicibus
1657 2651 1821 2691 mare
2082 2637 2117 2692 5

254 2712 679 2788 Tyrrhenuml
767 2715 1021 2792 Sapias:
1066 2717 1213 2774 vina
1244 2717 1456 2792 liques,
1488 2722 1551 2774 et
1582 2716 1785 2791 spatio
1815 2715 1985 2772 brevi

256 2791 444 2869 Spem
474 2795 724 2870 longam
752 2813 1004 2854 reseces,
1044 2854 1049 2860 ,
1092 2797 1259 2855 Dum
1290 2797 1608 2872 loquimur,
1636 2796 1863 2869 fugerit
1894 2795 2102 2853 invida

254 2873 490 2932 Aetas:
535 2892 712 2950 carpe
743 2875 922 2947 diem,
955 2894 1141 2953 quam
1170 2877 1493 2934 minimum
1521 2875 1767 2934 credula
1793 2884 2054 2951 postero.

1120 3076 1274 3133 XII.
1595 2998 1798 3131 4ss

501 3184 696 3257 Quem
741 3186 940 3243 virum
983 3194 1088 3244 aut
1130 3186 1316 3244 heroa
1356 3186 1496 3262 lyra
1540 3187 1639 3245 vel
1684 3188 1808 3245 acri

498 3263 674 3322 Tibia
714 3266 906 3323 sumis
948 3267 1267 3336 celebrare,
1315 3265 1464 3339 Clio,

469 3405 496 3447 ⁶
518 3405 746 3449 nuncium
810 3424 817 3429 .
883 3406 909 3449 3
934 3407 1135 3449 tentaris
1318 3409 1347 3450 4
1368 3407 1549 3452 tribuet
1702 3409 1729 3450 2
1754 3420 1910 3452 numen
